Local time,Symbol,Ask,Bid,AskVolume,BidVolume
18.11.2019 00:00:07.662,Gas,588.91,588.01,0.0005,0.0005
18.11.2019 00:00:22.428,Gas,588.909,588.009,0.0005,0.0001
18.11.2019 00:01:13.837,Gas,588.779,587.879,0.0005,0.0001
18.11.2019 00:03:25.301,Gas,588.909,588.009,0.0005,0.0005
18.11.2019 00:05:02.228,Gas,588.91,588.01,0.0005,0.0001
18.11.2019 00:06:54.516,Gas,588.909,588.009,0.0005,0.0001
18.11.2019 00:07:09.808,Gas,588.779,587.879,0.0005,0.0001
18.11.2019 00:07:12.353,Gas,588.909,588.009,0.0005,0.0005
18.11.2019 00:07:12.857,Gas,588.91,588.01,0.0005,0.0001
18.11.2019 00:07:29.265,Gas,588.909,588.009,0.0005,0.0003
18.11.2019 00:07:37.739,Gas,588.91,588.01,0.0005,0.0001
18.11.2019 00:08:59.260,Gas,588.909,588.009,0.0005,0.0004
18.11.2019 00:09:00.693,Gas,588.91,588.01,0.0005,0.0001
18.11.2019 00:09:01.959,Gas,588.909,588.009,0.0005,0.0001
18.11.2019 00:09:34.937,Gas,588.91,588.01,0.0005,0.0004
18.11.2019 00:09:37.142,Gas,588.909,588.009,0.0005,0.0001
18.11.2019 00:10:46.824,Gas,588.779,587.879,0.0005,0.0001
18.11.2019 00:10:47.430,Gas,588.78,587.88,0.0005,0.0005
18.11.2019 00:11:03.769,Gas,588.659,587.759,0.0005,0.0005
18.11.2019 00:11:04.438,Gas,588.66,587.76,0.0002,0.0005
18.11.2019 00:11:06.045,Gas,588.659,587.759,0.0002,0.0004
18.11.2019 00:11:09.340,Gas,588.66,587.76,0.0002,0.0004
18.11.2019 00:11:11.224,Gas,588.659,587.759,0.0005,0.0001
18.11.2019 00:11:18.142,Gas,588.53,587.63,0.0005,0.0001
18.11.2019 00:11:18.929,Gas,588.66,587.76,0.0005,0.0005
18.11.2019 00:11:20.166,Gas,588.659,587.759,0.0005,0.0001
18.11.2019 00:11:21.337,Gas,588.529,587.629,0.0005,0.0001
18.11.2019 00:11:22.030,Gas,588.53,587.63,0.0005,0.0005
18.11.2019 00:11:47.921,Gas,588.41,587.51,0.0005,0.0005
18.11.2019 00:11:48.634,Gas,588.659,587.759,0.0001,0.0005
18.11.2019 00:11:50.374,Gas,588.66,587.76,0.0003,0.0001
18.11.2019 00:11:52.456,Gas,588.659,587.759,0.0004,0.0001
18.11.2019 00:11:54.833,Gas,588.66,587.76,0.0003,0.0001
18.11.2019 00:11:57.463,Gas,588.659,587.759,0.0005,0.0001
18.11.2019 00:12:00.658,Gas,588.529,587.629,0.0005,0.0001
18.11.2019 00:12:01.613,Gas,588.409,587.509,0.0005,0.0005
18.11.2019 00:12:02.137,Gas,588.41,587.51,0.0001,0.0005
18.11.2019 00:12:02.840,Gas,588.53,587.63,0.0001,0.0005
18.11.2019 00:12:03.654,Gas,588.529,587.629,0.0005,0.0005
18.11.2019 00:12:10.346,Gas,588.659,587.759,0.0005,0.0005
18.11.2019 00:12:16.031,Gas,588.41,587.51,0.0005,0.0001
18.11.2019 00:12:16.638,Gas,588.409,587.509,0.0002,0.0005
18.11.2019 00:12:17.340,Gas,588.529,587.629,0.0002,0.0005
18.11.2019 00:12:27.686,Gas,588.66,587.76,0.0005,0.0005
18.11.2019 00:12:28.190,Gas,588.659,587.759,0.0005,0.0001
18.11.2019 00:13:22.411,Gas,588.66,587.76,0.0005,0.0004
18.11.2019 00:13:46.599,Gas,588.659,587.759,0.0005,0.0001
18.11.2019 00:13:48.624,Gas,588.66,587.76,0.0005,0.0001
18.11.2019 00:13:54.431,Gas,588.659,587.759,0.0005,0.0002
18.11.2019 00:13:59.249,Gas,588.66,587.76,0.0005,0.0001
18.11.2019 00:14:02.243,Gas,588.659,587.759,0.0005,0.0001
18.11.2019 00:14:33.574,Gas,588.66,587.76,0.0005,0.0002
18.11.2019 00:14:50.197,Gas,588.659,587.759,0.0005,0.0001
18.11.2019 00:14:53.471,Gas,588.66,587.76,0.0005,0.0001
18.11.2019 00:15:28.078,Gas,588.659,587.759,0.0005,0.0002
18.11.2019 00:15:39.077,Gas,588.66,587.76,0.0005,0.0002
18.11.2019 00:16:23.180,Gas,588.659,587.759,0.0005,0.0001
18.11.2019 00:16:25.658,Gas,588.66,587.76,0.0005,0.0002
18.11.2019 00:16:52.026,Gas,588.659,587.759,0.0005,0.0002
18.11.2019 00:16:53.307,Gas,588.66,587.76,0.0005,0.0002
18.11.2019 00:17:56.705,Gas,588.659,587.759,0.0005,0.0001
18.11.2019 00:18:22.875,Gas,588.66,587.76,0.0005,0.0002
18.11.2019 00:18:50.198,Gas,588.659,587.759,0.0003,0.0004
18.11.2019 00:18:54.460,Gas,588.66,587.76,0.0003,0.0002
18.11.2019 00:19:55.333,Gas,588.659,587.759,0.0005,0.0002
18.11.2019 00:20:09.539,Gas,588.66,587.76,0.0005,0.0004
18.11.2019 00:20:18.436,Gas,588.659,587.759,0.0005,0.0002
18.11.2019 00:21:59.638,Gas,588.66,587.76,0.0005,0.0005
18.11.2019 00:24:02.232,Gas,588.659,587.759,0.0005,0.0002
18.11.2019 00:24:09.991,Gas,588.66,587.76,0.0005,0.0004
18.11.2019 00:24:38.426,Gas,588.659,587.759,0.0005,0.0004
18.11.2019 00:25:05.649,Gas,588.66,587.76,0.0002,0.0004
18.11.2019 00:25:45.042,Gas,588.659,587.759,0.0005,0.0005
18.11.2019 00:25:51.114,Gas,588.66,587.76,0.0002,0.0005
18.11.2019 00:25:57.438,Gas,588.659,587.759,0.0003,0.0005
18.11.2019 00:26:07.843,Gas,588.66,587.76,0.0002,0.0005
18.11.2019 00:26:21.877,Gas,588.659,587.759,0.0003,0.0005
18.11.2019 00:26:39.416,Gas,588.66,587.76,0.0002,0.0005
18.11.2019 00:27:19.021,Gas,588.659,587.759,0.0002,0.0005
18.11.2019 00:27:28.045,Gas,588.66,587.76,0.0002,0.0005
18.11.2019 00:27:28.664,Gas,588.779,587.879,0.0002,0.0004
18.11.2019 00:27:30.253,Gas,588.659,587.759,0.0005,0.0005
18.11.2019 00:27:32.803,Gas,588.66,587.76,0.0002,0.0004
18.11.2019 00:27:41.524,Gas,588.659,587.759,0.0001,0.0005
18.11.2019 00:28:07.258,Gas,588.66,587.76,0.0001,0.0004
18.11.2019 00:28:48.618,Gas,588.659,587.759,0.0002,0.0004
18.11.2019 00:29:00.366,Gas,588.779,587.879,0.0002,0.0004
18.11.2019 00:29:00.932,Gas,588.78,587.88,0.0005,0.0005
18.11.2019 00:29:54.220,Gas,588.91,588.01,0.0005,0.0005
18.11.2019 00:30:27.541,Gas,588.659,587.759,0.0005,0.0001
18.11.2019 00:30:28.045,Gas,588.66,587.76,0.0002,0.0005
18.11.2019 00:30:29.028,Gas,588.659,587.759,0.0002,0.0004
18.11.2019 00:30:30.143,Gas,588.779,587.879,0.0002,0.0004
18.11.2019 00:31:13.948,Gas,588.659,587.759,0.0005,0.0005
18.11.2019 00:31:21.782,Gas,588.78,587.88,0.0003,0.0004
18.11.2019 00:31:22.353,Gas,588.779,587.879,0.0005,0.0005
18.11.2019 00:31:30.415,Gas,588.91,588.01,0.0005,0.0005
18.11.2019 00:31:50.490,Gas,588.909,588.009,0.0005,0.0001
18.11.2019 00:32:01.333,Gas,588.659,587.759,0.0005,0.0001
18.11.2019 00:32:02.541,Gas,588.66,587.76,0.0002,0.0005
18.11.2019 00:32:05.141,Gas,588.659,587.759,0.0002,0.0004
18.11.2019 00:32:06.842,Gas,588.779,587.879,0.0002,0.0004
18.11.2019 00:32:07.533,Gas,588.78,587.88,0.0005,0.0004
18.11.2019 00:32:15.344,Gas,588.779,587.879,0.0005,0.0005
18.11.2019 00:32:42.553,Gas,588.909,588.009,0.0005,0.0005
18.11.2019 00:32:43.133,Gas,588.91,588.01,0.0005,0.0001
18.11.2019 00:33:29.363,Gas,588.909,588.009,0.0005,0.0004
18.11.2019 00:33:37.993,Gas,588.91,588.01,0.0005,0.0004
18.11.2019 00:33:40.567,Gas,588.909,588.009,0.0005,0.0004
18.11.2019 00:34:38.225,Gas,588.78,587.88,0.0005,0.0004
18.11.2019 00:34:39.535,Gas,588.779,587.879,0.0005,0.0005
18.11.2019 00:35:39.137,Gas,588.91,588.01,0.0005,0.0005
18.11.2019 00:35:52.376,Gas,588.909,588.009,0.0005,0.0001
18.11.2019 00:36:13.339,Gas,588.91,588.01,0.0005,0.0001
18.11.2019 00:36:37.145,Gas,588.909,588.009,0.0005,0.0001
18.11.2019 00:36:48.237,Gas,588.91,588.01,0.0005,0.0001
18.11.2019 00:37:39.969,Gas,588.659,587.759,0.0005,0.0003
18.11.2019 00:37:41.843,Gas,588.66,587.76,0.0001,0.0005
18.11.2019 00:38:54.937,Gas,588.66,587.76,0.0002,0.0005
18.11.2019 00:39:00.839,Gas,588.659,587.759,0.0001,0.0005
18.11.2019 00:39:16.637,Gas,588.66,587.76,0.0001,0.0005
18.11.2019 00:40:03.112,Gas,588.659,587.759,0.0001,0.0005
18.11.2019 00:40:10.568,Gas,588.66,587.76,0.0002,0.0005
18.11.2019 00:40:24.595,Gas,588.659,587.759,0.0005,0.0001
18.11.2019 00:41:26.340,Gas,588.66,587.76,0.0004,0.0002
18.11.2019 00:42:18.738,Gas,588.659,587.759,0.0005,0.0001
18.11.2019 00:42:33.662,Gas,588.66,587.76,0.0005,0.0003
18.11.2019 00:42:44.677,Gas,588.659,587.759,0.0001,0.0004
18.11.2019 00:42:46.757,Gas,588.66,587.76,0.0001,0.0004
18.11.2019 00:42:49.779,Gas,588.659,587.759,0.0001,0.0004
18.11.2019 00:42:57.338,Gas,588.66,587.76,0.0003,0.0004
18.11.2019 00:43:18.397,Gas,588.659,587.759,0.0004,0.0003
18.11.2019 00:43:25.066,Gas,588.66,587.76,0.0003,0.0004
18.11.2019 00:43:28.172,Gas,588.659,587.759,0.0001,0.0004
18.11.2019 00:43:29.650,Gas,588.66,587.76,0.0001,0.0004
18.11.2019 00:43:31.338,Gas,588.659,587.759,0.0002,0.0004
18.11.2019 00:43:57.344,Gas,588.66,587.76,0.0002,0.0004
18.11.2019 00:44:15.475,Gas,588.659,587.759,0.0004,0.0003
18.11.2019 00:44:37.324,Gas,588.66,587.76,0.0004,0.0004
18.11.2019 00:45:02.267,Gas,588.659,587.759,0.0003,0.0004
18.11.2019 00:45:41.744,Gas,588.66,587.76,0.0005,0.0002
18.11.2019 00:45:46.793,Gas,588.659,587.759,0.0005,0.0001
18.11.2019 00:46:37.336,Gas,588.66,587.76,0.0003,0.0004
18.11.2019 00:46:52.570,Gas,588.659,587.759,0.0003,0.0005
18.11.2019 00:47:16.583,Gas,588.66,587.76,0.0001,0.0005
18.11.2019 00:47:22.458,Gas,588.659,587.759,0.0001,0.0005
18.11.2019 00:47:31.812,Gas,588.66,587.76,0.0001,0.0005
18.11.2019 00:47:32.957,Gas,588.659,587.759,0.0001,0.0005
18.11.2019 00:48:01.049,Gas,588.66,587.76,0.0003,0.0005
18.11.2019 00:48:17.556,Gas,588.659,587.759,0.0003,0.0005
18.11.2019 00:48:21.045,Gas,588.66,587.76,0.0001,0.0005
18.11.2019 00:48:48.163,Gas,588.659,587.759,0.0003,0.0005
18.11.2019 00:48:50.159,Gas,588.66,587.76,0.0003,0.0005
18.11.2019 00:48:54.598,Gas,588.659,587.759,0.0001,0.0005
18.11.2019 00:51:22.504,Gas,588.659,587.759,0.0004,0.0005
18.11.2019 00:51:25.516,Gas,588.66,587.76,0.0001,0.0005
18.11.2019 00:52:27.424,Gas,588.659,587.759,0.0003,0.0004
18.11.2019 00:52:43.709,Gas,588.66,587.76,0.0003,0.0004
18.11.2019 00:54:22.045,Gas,588.66,587.76,0.0001,0.0005
18.11.2019 00:54:36.155,Gas,588.659,587.759,0.0003,0.0004
18.11.2019 00:54:58.300,Gas,588.66,587.76,0.0003,0.0005
18.11.2019 00:54:59.395,Gas,588.659,587.759,0.0003,0.0004
18.11.2019 00:55:03.797,Gas,588.66,587.76,0.0003,0.0005
18.11.2019 00:55:07.995,Gas,588.659,587.759,0.0003,0.0004
18.11.2019 00:55:09.940,Gas,588.66,587.76,0.0004,0.0001
18.11.2019 00:55:13.150,Gas,588.659,587.759,0.0004,0.0001
18.11.2019 00:55:23.963,Gas,588.53,587.63,0.0005,0.0001
18.11.2019 00:56:17.743,Gas,588.41,587.51,0.0005,0.0005
18.11.2019 00:56:18.256,Gas,588.529,587.629,0.0001,0.0005
18.11.2019 00:56:20.039,Gas,588.53,587.63,0.0005,0.0005
18.11.2019 00:56:20.689,Gas,588.409,587.509,0.0005,0.0005
18.11.2019 00:56:34.597,Gas,588.41,587.51,0.0001,0.0005
18.11.2019 00:56:38.256,Gas,588.529,587.629,0.0001,0.0005
18.11.2019 00:56:40.054,Gas,588.409,587.509,0.0005,0.0005
18.11.2019 00:56:41.822,Gas,588.53,587.63,0.0001,0.0005
18.11.2019 00:57:03.538,Gas,588.659,587.759,0.0005,0.0005
18.11.2019 00:57:13.647,Gas,588.53,587.63,0.0005,0.0001
18.11.2019 00:57:14.546,Gas,588.529,587.629,0.0005,0.0005
18.11.2019 00:57:20.267,Gas,588.41,587.51,0.0005,0.0005
18.11.2019 00:57:27.789,Gas,588.529,587.629,0.0001,0.0005
18.11.2019 00:57:28.954,Gas,588.409,587.509,0.0005,0.0005
18.11.2019 00:57:29.543,Gas,588.41,587.51,0.0001,0.0005
18.11.2019 00:57:42.584,Gas,588.53,587.63,0.0001,0.0005
18.11.2019 00:57:44.820,Gas,588.409,587.509,0.0005,0.0005
18.11.2019 00:57:45.342,Gas,588.41,587.51,0.0001,0.0005
18.11.2019 00:57:47.662,Gas,588.53,587.63,0.0001,0.0005
18.11.2019 00:57:48.243,Gas,588.529,587.629,0.0005,0.0005
18.11.2019 00:58:00.201,Gas,588.41,587.51,0.0005,0.0005
18.11.2019 00:58:08.488,Gas,588.529,587.629,0.0001,0.0005
18.11.2019 00:58:13.392,Gas,588.53,587.63,0.0005,0.0005
18.11.2019 00:58:17.557,Gas,588.41,587.51,0.0005,0.0005
18.11.2019 00:58:18.145,Gas,588.529,587.629,0.0001,0.0005
18.11.2019 00:58:51.415,Gas,588.53,587.63,0.0005,0.0005
18.11.2019 00:59:06.574,Gas,588.41,587.51,0.0005,0.0005
18.11.2019 00:59:22.946,Gas,588.529,587.629,0.0001,0.0005
18.11.2019 01:00:00.677,Gas,588.41,587.51,0.0005,0.0005
18.11.2019 01:00:07.931,Gas,588.659,587.759,0.0002,0.0005
18.11.2019 01:00:10.014,Gas,588.41,587.51,0.0005,0.0001
18.11.2019 01:00:14.345,Gas,588.409,587.509,0.0002,0.0005
18.11.2019 01:00:36.330,Gas,588.41,587.51,0.0001,0.0005
18.11.2019 01:00:43.301,Gas,588.409,587.509,0.0002,0.0005
18.11.2019 01:00:44.820,Gas,588.41,587.51,0.0001,0.0005
18.11.2019 01:00:56.282,Gas,588.409,587.509,0.0001,0.0005
18.11.2019 01:01:02.236,Gas,588.41,587.51,0.0002,0.0005
18.11.2019 01:01:07.310,Gas,588.409,587.509,0.0001,0.0005
18.11.2019 01:01:09.762,Gas,588.41,587.51,0.0001,0.0005
18.11.2019 01:02:24.537,Gas,588.41,587.51,0.0001,0.0005
18.11.2019 01:02:33.745,Gas,588.529,587.629,0.0001,0.0005
18.11.2019 01:02:38.030,Gas,588.409,587.509,0.0005,0.0005
18.11.2019 01:02:45.867,Gas,588.41,587.51,0.0002,0.0005
18.11.2019 01:02:48.915,Gas,588.409,587.509,0.0002,0.0005
18.11.2019 01:02:49.733,Gas,588.41,587.51,0.0002,0.0005
18.11.2019 01:02:52.645,Gas,588.409,587.509,0.0004,0.0005
18.11.2019 01:03:35.733,Gas,588.41,587.51,0.0002,0.0005
18.11.2019 01:04:45.325,Gas,588.41,587.51,0.0005,0.0005
18.11.2019 01:04:54.924,Gas,588.409,587.509,0.0002,0.0005
18.11.2019 01:05:38.174,Gas,588.41,587.51,0.0002,0.0005
18.11.2019 01:06:26.833,Gas,588.409,587.509,0.0002,0.0005
18.11.2019 01:06:27.338,Gas,588.41,587.51,0.0002,0.0005
18.11.2019 01:06:30.379,Gas,588.409,587.509,0.0002,0.0005
18.11.2019 01:06:35.638,Gas,588.159,587.259,0.0005,0.0001
18.11.2019 01:06:36.149,Gas,588.16,587.26,0.0001,0.0005
18.11.2019 01:07:06.752,Gas,588.159,587.259,0.0003,0.0005
18.11.2019 01:07:32.459,Gas,588.16,587.26,0.0001,0.0005
18.11.2019 01:07:33.386,Gas,588.159,587.259,0.0003,0.0005
18.11.2019 01:07:47.317,Gas,588.41,587.51,0.0002,0.0005
18.11.2019 01:07:47.819,Gas,588.409,587.509,0.0003,0.0003
18.11.2019 01:07:50.242,Gas,588.16,587.26,0.0003,0.0003
18.11.2019 01:08:24.840,Gas,588.159,587.259,0.0003,0.0005
18.11.2019 01:08:31.232,Gas,588.16,587.26,0.0001,0.0005
18.11.2019 01:08:58.206,Gas,588.409,587.509,0.0001,0.0005
18.11.2019 01:09:34.243,Gas,588.279,587.379,0.0005,0.0001
18.11.2019 01:09:35.550,Gas,588.28,587.38,0.0005,0.0005
18.11.2019 01:09:49.604,Gas,588.159,587.259,0.0005,0.0005
18.11.2019 01:09:50.452,Gas,588.16,587.26,0.0002,0.0005
18.11.2019 01:10:10.204,Gas,588.159,587.259,0.0002,0.0005
18.11.2019 01:10:12.343,Gas,588.16,587.26,0.0002,0.0005
18.11.2019 01:11:34.346,Gas,588.16,587.26,0.0002,0.0005
18.11.2019 01:11:36.144,Gas,588.159,587.259,0.0002,0.0005
18.11.2019 01:12:12.809,Gas,588.16,587.26,0.0002,0.0005
18.11.2019 01:12:15.440,Gas,588.159,587.259,0.0001,0.0005
18.11.2019 01:12:17.323,Gas,588.41,587.51,0.0001,0.0005
18.11.2019 01:13:09.396,Gas,588.409,587.509,0.0005,0.0003
18.11.2019 01:13:15.340,Gas,588.41,587.51,0.0005,0.0001
18.11.2019 01:14:04.422,Gas,588.159,587.259,0.0005,0.0001
18.11.2019 01:14:05.940,Gas,588.16,587.26,0.0001,0.0005
18.11.2019 01:14:21.314,Gas,588.28,587.38,0.0001,0.0005
18.11.2019 01:14:22.580,Gas,588.279,587.379,0.0005,0.0005
18.11.2019 01:14:55.402,Gas,588.159,587.259,0.0005,0.0005
18.11.2019 01:14:56.047,Gas,588.279,587.379,0.0001,0.0005
18.11.2019 01:15:28.921,Gas,588.16,587.26,0.0005,0.0005
18.11.2019 01:15:47.849,Gas,588.159,587.259,0.0002,0.0005
18.11.2019 01:15:55.830,Gas,588.16,587.26,0.0001,0.0005
18.11.2019 01:17:09.602,Gas,588.159,587.259,0.0002,0.0005
18.11.2019 01:17:15.450,Gas,588.28,587.38,0.0001,0.0005
18.11.2019 01:17:42.420,Gas,588.159,587.259,0.0005,0.0005
18.11.2019 01:17:49.734,Gas,588.16,587.26,0.0002,0.0005
18.11.2019 01:17:50.451,Gas,588.28,587.38,0.0002,0.0005
18.11.2019 01:17:51.706,Gas,588.159,587.259,0.0005,0.0005
18.11.2019 01:17:52.913,Gas,588.16,587.26,0.0002,0.0005
18.11.2019 01:18:04.408,Gas,588.159,587.259,0.0003,0.0005
18.11.2019 01:18:05.715,Gas,588.16,587.26,0.0002,0.0005
18.11.2019 01:18:41.989,Gas,588.159,587.259,0.0002,0.0005
18.11.2019 01:18:55.833,Gas,588.16,587.26,0.0002,0.0005
18.11.2019 01:18:58.840,Gas,588.159,587.259,0.0002,0.0005
18.11.2019 01:19:07.939,Gas,588.16,587.26,0.0003,0.0005
18.11.2019 01:19:08.652,Gas,588.159,587.259,0.0004,0.0001
18.11.2019 01:19:16.539,Gas,588.16,587.26,0.0004,0.0001
18.11.2019 01:19:18.343,Gas,588.159,587.259,0.0004,0.0001
18.11.2019 01:19:19.001,Gas,588.16,587.26,0.0004,0.0001
18.11.2019 01:19:21.693,Gas,588.159,587.259,0.0004,0.0001
18.11.2019 01:19:35.898,Gas,588.16,587.26,0.0004,0.0001
18.11.2019 01:19:41.550,Gas,588.159,587.259,0.0004,0.0001
18.11.2019 01:19:58.808,Gas,588.03,587.13,0.0004,0.0001
18.11.2019 01:20:00.751,Gas,588.029,587.129,0.0004,0.0005
18.11.2019 01:20:24.564,Gas,588.159,587.259,0.0004,0.0005
18.11.2019 01:20:26.449,Gas,588.16,587.26,0.0004,0.0001
18.11.2019 01:20:39.551,Gas,587.91,587.01,0.0004,0.0001
18.11.2019 01:20:40.452,Gas,588.03,587.13,0.0001,0.0005
18.11.2019 01:20:41.041,Gas,588.029,587.129,0.0005,0.0005
18.11.2019 01:20:44.849,Gas,588.16,587.26,0.0005,0.0005
18.11.2019 01:20:45.848,Gas,588.029,587.129,0.0004,0.0001
18.11.2019 01:20:47.144,Gas,588.03,587.13,0.0005,0.0005
18.11.2019 01:21:08.355,Gas,587.91,587.01,0.0005,0.0005
18.11.2019 01:21:09.355,Gas,587.909,587.009,0.0001,0.0005
18.11.2019 01:21:09.987,Gas,588.029,587.129,0.0001,0.0005
18.11.2019 01:21:10.618,Gas,588.03,587.13,0.0005,0.0005
18.11.2019 01:21:11.504,Gas,588.16,587.26,0.0005,0.0005
18.11.2019 01:21:13.547,Gas,588.029,587.129,0.0005,0.0001
18.11.2019 01:21:59.206,Gas,588.16,587.26,0.0005,0.0005
18.11.2019 01:22:01.919,Gas,588.159,587.259,0.0005,0.0001
18.11.2019 01:22:13.853,Gas,588.029,587.129,0.0005,0.0001
18.11.2019 01:22:15.849,Gas,588.03,587.13,0.0005,0.0005
18.11.2019 01:23:28.670,Gas,588.16,587.26,0.0005,0.0005
18.11.2019 01:23:29.188,Gas,588.03,587.13,0.0005,0.0001
18.11.2019 01:25:19.705,Gas,588.159,587.259,0.0005,0.0005
18.11.2019 01:25:21.436,Gas,588.16,587.26,0.0005,0.0001
18.11.2019 01:25:32.101,Gas,588.159,587.259,0.0005,0.0001
18.11.2019 01:25:41.776,Gas,588.16,587.26,0.0005,0.0002
18.11.2019 01:25:42.340,Gas,588.159,587.259,0.0005,0.0001
18.11.2019 01:26:04.797,Gas,588.029,587.129,0.0005,0.0001
18.11.2019 01:26:05.341,Gas,588.16,587.26,0.0005,0.0005
18.11.2019 01:26:15.017,Gas,588.029,587.129,0.0005,0.0003
18.11.2019 01:26:24.459,Gas,587.91,587.01,0.0005,0.0005
18.11.2019 01:26:25.039,Gas,588.029,587.129,0.0002,0.0005
18.11.2019 01:26:26.418,Gas,588.03,587.13,0.0005,0.0005
18.11.2019 01:26:28.543,Gas,587.909,587.009,0.0005,0.0005
18.11.2019 01:26:29.107,Gas,587.91,587.01,0.0001,0.0005
18.11.2019 01:26:32.369,Gas,588.03,587.13,0.0001,0.0005
18.11.2019 01:26:32.962,Gas,587.909,587.009,0.0005,0.0005
18.11.2019 01:26:34.665,Gas,587.91,587.01,0.0001,0.0005
18.11.2019 01:26:36.944,Gas,588.03,587.13,0.0005,0.0005
18.11.2019 01:26:48.916,Gas,587.909,587.009,0.0005,0.0005
18.11.2019 01:26:55.219,Gas,587.91,587.01,0.0002,0.0005
18.11.2019 01:26:59.846,Gas,588.03,587.13,0.0002,0.0005
18.11.2019 01:27:01.640,Gas,587.909,587.009,0.0005,0.0005
18.11.2019 01:31:05.241,Gas,587.91,587.01,0.0003,0.0005
18.11.2019 01:31:08.190,Gas,587.909,587.009,0.0003,0.0005
18.11.2019 01:31:14.894,Gas,587.91,587.01,0.0003,0.0005
18.11.2019 01:31:22.188,Gas,587.909,587.009,0.0001,0.0005
18.11.2019 01:31:25.818,Gas,588.03,587.13,0.0001,0.0005
18.11.2019 01:31:58.512,Gas,587.91,587.01,0.0005,0.0005
18.11.2019 01:31:59.023,Gas,587.909,587.009,0.0002,0.0005
18.11.2019 01:31:59.735,Gas,587.91,587.01,0.0001,0.0005
18.11.2019 01:32:06.979,Gas,587.909,587.009,0.0003,0.0005
18.11.2019 01:32:07.527,Gas,588.03,587.13,0.0005,0.0005
18.11.2019 01:32:15.729,Gas,587.91,587.01,0.0005,0.0005
18.11.2019 01:32:16.270,Gas,587.909,587.009,0.0002,0.0005
18.11.2019 01:32:18.794,Gas,587.91,587.01,0.0001,0.0005
18.11.2019 01:32:19.470,Gas,588.029,587.129,0.0003,0.0005
18.11.2019 01:32:21.353,Gas,588.03,587.13,0.0005,0.0005
18.11.2019 01:32:40.746,Gas,587.91,587.01,0.0005,0.0005
18.11.2019 01:32:41.587,Gas,587.909,587.009,0.0001,0.0005
18.11.2019 01:33:04.455,Gas,587.91,587.01,0.0003,0.0005
18.11.2019 01:33:15.996,Gas,587.909,587.009,0.0002,0.0005
18.11.2019 01:33:22.750,Gas,587.91,587.01,0.0003,0.0005
18.11.2019 01:33:24.761,Gas,587.909,587.009,0.0003,0.0005
18.11.2019 01:33:25.335,Gas,587.91,587.01,0.0003,0.0005
18.11.2019 01:33:35.208,Gas,587.909,587.009,0.0003,0.0005
18.11.2019 01:33:49.619,Gas,587.91,587.01,0.0003,0.0005
18.11.2019 01:34:06.771,Gas,587.909,587.009,0.0003,0.0005
18.11.2019 01:35:00.456,Gas,587.91,587.01,0.0003,0.0005
18.11.2019 01:35:02.651,Gas,587.909,587.009,0.0005,0.0004
18.11.2019 01:35:04.050,Gas,587.91,587.01,0.0005,0.0004
18.11.2019 01:35:39.107,Gas,587.909,587.009,0.0005,0.0005
18.11.2019 01:37:23.774,Gas,587.909,587.009,0.0005,0.0004
18.11.2019 01:37:24.349,Gas,587.91,587.01,0.0005,0.0004
18.11.2019 01:37:26.737,Gas,587.909,587.009,0.0005,0.0004
18.11.2019 01:38:18.895,Gas,587.91,587.01,0.0005,0.0004
18.11.2019 01:42:46.157,Gas,588.029,587.129,0.0005,0.0005
18.11.2019 01:43:21.828,Gas,587.909,587.009,0.0005,0.0005
18.11.2019 01:43:22.360,Gas,587.91,587.01,0.0003,0.0005
18.11.2019 01:43:26.465,Gas,587.909,587.009,0.0003,0.0005
18.11.2019 01:43:38.156,Gas,588.029,587.129,0.0003,0.0005
18.11.2019 01:43:38.945,Gas,588.03,587.13,0.0005,0.0005
18.11.2019 01:44:20.446,Gas,588.159,587.259,0.0005,0.0005
18.11.2019 01:44:21.955,Gas,588.16,587.26,0.0005,0.0001
18.11.2019 01:44:23.569,Gas,588.029,587.129,0.0005,0.0001
18.11.2019 01:44:24.452,Gas,588.03,587.13,0.0005,0.0005
18.11.2019 01:44:57.984,Gas,588.159,587.259,0.0005,0.0005
18.11.2019 01:45:12.596,Gas,587.91,587.01,0.0005,0.0004
18.11.2019 01:45:17.218,Gas,588.03,587.13,0.0005,0.0005
18.11.2019 01:45:23.768,Gas,587.909,587.009,0.0005,0.0005
18.11.2019 01:45:36.214,Gas,588.159,587.259,0.0005,0.0005
18.11.2019 01:45:58.014,Gas,588.029,587.129,0.0005,0.0005
18.11.2019 01:45:59.353,Gas,587.91,587.01,0.0005,0.0005
18.11.2019 01:46:01.953,Gas,588.159,587.259,0.0005,0.0005
18.11.2019 01:46:07.377,Gas,587.91,587.01,0.0005,0.0005
18.11.2019 01:46:24.980,Gas,588.029,587.129,0.0005,0.0005
18.11.2019 01:46:31.354,Gas,587.909,587.009,0.0005,0.0005
18.11.2019 01:46:43.651,Gas,588.029,587.129,0.0005,0.0005
18.11.2019 01:46:44.160,Gas,588.16,587.26,0.0005,0.0005
18.11.2019 01:46:48.361,Gas,588.029,587.129,0.0005,0.0001
18.11.2019 01:46:49.782,Gas,588.159,587.259,0.0005,0.0005
18.11.2019 01:46:53.655,Gas,588.029,587.129,0.0005,0.0001
18.11.2019 01:46:54.441,Gas,588.03,587.13,0.0005,0.0005
18.11.2019 01:46:55.950,Gas,588.159,587.259,0.0005,0.0005
18.11.2019 01:46:56.946,Gas,588.16,587.26,0.0005,0.0003
18.11.2019 01:46:57.790,Gas,588.159,587.259,0.0005,0.0001
18.11.2019 01:46:59.425,Gas,588.16,587.26,0.0005,0.0005
18.11.2019 01:47:08.364,Gas,588.029,587.129,0.0005,0.0005
18.11.2019 01:47:12.775,Gas,588.159,587.259,0.0005,0.0005
18.11.2019 01:47:16.433,Gas,588.03,587.13,0.0005,0.0001
18.11.2019 01:48:08.834,Gas,588.16,587.26,0.0005,0.0005
18.11.2019 01:48:12.303,Gas,588.159,587.259,0.0001,0.0005
18.11.2019 01:49:09.124,Gas,588.16,587.26,0.0001,0.0005
18.11.2019 01:49:59.061,Gas,588.41,587.51,0.0005,0.0005
18.11.2019 01:50:00.156,Gas,588.409,587.509,0.0005,0.0004
18.11.2019 01:50:04.953,Gas,588.41,587.51,0.0005,0.0001
18.11.2019 01:50:16.884,Gas,588.28,587.38,0.0005,0.0001
18.11.2019 01:50:18.170,Gas,588.16,587.26,0.0005,0.0005
18.11.2019 01:50:18.953,Gas,588.159,587.259,0.0001,0.0005
18.11.2019 01:50:40.096,Gas,588.16,587.26,0.0001,0.0005
18.11.2019 01:50:43.763,Gas,588.159,587.259,0.0001,0.0005
18.11.2019 01:50:52.655,Gas,588.16,587.26,0.0001,0.0005
18.11.2019 01:51:05.455,Gas,588.159,587.259,0.0001,0.0005
18.11.2019 01:51:26.652,Gas,588.16,587.26,0.0002,0.0005
18.11.2019 01:51:40.038,Gas,588.159,587.259,0.0001,0.0005
18.11.2019 01:51:52.281,Gas,588.16,587.26,0.0005,0.0005
18.11.2019 01:51:57.681,Gas,588.159,587.259,0.0002,0.0005
18.11.2019 01:52:15.581,Gas,588.16,587.26,0.0005,0.0005
18.11.2019 01:52:37.062,Gas,588.279,587.379,0.0003,0.0005
18.11.2019 01:53:03.614,Gas,588.159,587.259,0.0005,0.0005
18.11.2019 01:54:01.153,Gas,588.28,587.38,0.0001,0.0005
18.11.2019 01:54:06.671,Gas,588.159,587.259,0.0005,0.0005
18.11.2019 01:54:08.365,Gas,588.16,587.26,0.0001,0.0005
18.11.2019 01:54:30.859,Gas,588.159,587.259,0.0004,0.0005
18.11.2019 01:54:54.160,Gas,588.16,587.26,0.0001,0.0005
18.11.2019 01:54:57.566,Gas,588.159,587.259,0.0001,0.0005
18.11.2019 01:55:01.383,Gas,588.16,587.26,0.0005,0.0001
18.11.2019 01:55:10.611,Gas,588.029,587.129,0.0005,0.0001
18.11.2019 01:56:11.555,Gas,587.909,587.009,0.0005,0.0005
18.11.2019 01:56:13.030,Gas,588.03,587.13,0.0001,0.0005
18.11.2019 01:56:13.860,Gas,588.029,587.129,0.0005,0.0005
18.11.2019 01:56:48.880,Gas,588.16,587.26,0.0005,0.0005
18.11.2019 01:56:49.749,Gas,588.159,587.259,0.0005,0.0001
18.11.2019 01:56:51.805,Gas,588.03,587.13,0.0005,0.0001
18.11.2019 01:56:59.253,Gas,588.16,587.26,0.0005,0.0005
18.11.2019 01:57:00.188,Gas,588.159,587.259,0.0005,0.0001
18.11.2019 01:57:15.362,Gas,588.16,587.26,0.0002,0.0005
18.11.2019 01:57:17.412,Gas,588.159,587.259,0.0005,0.0005
18.11.2019 01:57:18.220,Gas,588.16,587.26,0.0003,0.0005
18.11.2019 01:57:26.582,Gas,588.159,587.259,0.0005,0.0005
18.11.2019 01:57:36.688,Gas,588.16,587.26,0.0003,0.0005
18.11.2019 01:57:37.659,Gas,588.159,587.259,0.0005,0.0005
18.11.2019 01:57:41.574,Gas,588.16,587.26,0.0003,0.0005
18.11.2019 01:57:42.233,Gas,588.159,587.259,0.0005,0.0005
18.11.2019 01:57:46.543,Gas,588.16,587.26,0.0002,0.0005
18.11.2019 01:57:47.851,Gas,588.159,587.259,0.0002,0.0005
18.11.2019 01:57:54.448,Gas,588.16,587.26,0.0005,0.0001
18.11.2019 01:57:57.245,Gas,588.159,587.259,0.0005,0.0004
18.11.2019 01:58:04.850,Gas,588.16,587.26,0.0005,0.0001
18.11.2019 01:58:09.959,Gas,588.159,587.259,0.0005,0.0005
18.11.2019 01:58:19.586,Gas,588.16,587.26,0.0005,0.0004
18.11.2019 01:58:38.253,Gas,588.159,587.259,0.0005,0.0005
18.11.2019 01:58:53.450,Gas,588.16,587.26,0.0005,0.0004
18.11.2019 01:58:55.781,Gas,588.159,587.259,0.0005,0.0001
18.11.2019 01:59:20.605,Gas,588.16,587.26,0.0005,0.0001
18.11.2019 01:59:23.206,Gas,588.159,587.259,0.0005,0.0004
18.11.2019 01:59:24.134,Gas,588.16,587.26,0.0003,0.0005
18.11.2019 01:59:30.587,Gas,588.159,587.259,0.0003,0.0005
18.11.2019 01:59:32.517,Gas,588.16,587.26,0.0005,0.0001
18.11.2019 01:59:35.820,Gas,588.159,587.259,0.0005,0.0004
18.11.2019 01:59:38.351,Gas,588.16,587.26,0.0004,0.0004
18.11.2019 01:59:39.252,Gas,588.159,587.259,0.0003,0.0004
18.11.2019 01:59:41.027,Gas,588.16,587.26,0.0003,0.0004
18.11.2019 02:00:01.295,Gas,588.159,587.259,0.0005,0.0005
18.11.2019 02:00:21.143,Gas,588.03,587.13,0.0005,0.0005
18.11.2019 02:00:22.075,Gas,588.16,587.26,0.0005,0.0005
18.11.2019 02:00:24.760,Gas,588.159,587.259,0.0002,0.0005
18.11.2019 02:01:08.402,Gas,588.16,587.26,0.0003,0.0005
18.11.2019 02:01:10.738,Gas,588.159,587.259,0.0003,0.0005
18.11.2019 02:01:11.961,Gas,588.16,587.26,0.0003,0.0005
18.11.2019 02:01:12.624,Gas,588.159,587.259,0.0002,0.0005
18.11.2019 02:01:15.015,Gas,588.16,587.26,0.0003,0.0005
18.11.2019 02:01:52.198,Gas,588.159,587.259,0.0003,0.0005
18.11.2019 02:01:54.293,Gas,588.16,587.26,0.0003,0.0005
18.11.2019 02:01:55.559,Gas,588.159,587.259,0.0003,0.0005
18.11.2019 02:02:00.242,Gas,588.16,587.26,0.0005,0.0005
18.11.2019 02:02:03.960,Gas,588.159,587.259,0.0005,0.0002
18.11.2019 02:02:19.053,Gas,588.16,587.26,0.0005,0.0005
18.11.2019 02:02:34.508,Gas,588.159,587.259,0.0003,0.0005
18.11.2019 02:02:40.691,Gas,588.16,587.26,0.0005,0.0005
18.11.2019 02:02:55.143,Gas,588.159,587.259,0.0003,0.0005
18.11.2019 02:03:16.769,Gas,588.16,587.26,0.0005,0.0003
18.11.2019 02:03:17.554,Gas,588.159,587.259,0.0005,0.0005
18.11.2019 02:03:26.061,Gas,588.16,587.26,0.0005,0.0002
18.11.2019 02:04:33.894,Gas,588.16,587.26,0.0005,0.0002
18.11.2019 02:04:37.602,Gas,588.159,587.259,0.0005,0.0005
18.11.2019 02:04:48.543,Gas,587.909,587.009,0.0005,0.0002
18.11.2019 02:04:58.591,Gas,587.91,587.01,0.0005,0.0005
18.11.2019 02:05:02.053,Gas,587.909,587.009,0.0005,0.0003
18.11.2019 02:05:03.796,Gas,587.91,587.01,0.0005,0.0003
18.11.2019 02:05:07.859,Gas,587.909,587.009,0.0005,0.0003
18.11.2019 02:05:20.629,Gas,587.91,587.01,0.0005,0.0005
18.11.2019 02:06:45.520,Gas,587.909,587.009,0.0005,0.0003
18.11.2019 02:06:52.950,Gas,587.91,587.01,0.0005,0.0005
18.11.2019 02:07:56.248,Gas,587.909,587.009,0.0004,0.0005
18.11.2019 02:08:06.986,Gas,587.91,587.01,0.0004,0.0005
18.11.2019 02:08:24.628,Gas,587.909,587.009,0.0004,0.0005
18.11.2019 02:08:37.769,Gas,587.91,587.01,0.0004,0.0005
18.11.2019 02:08:48.679,Gas,588.029,587.129,0.0003,0.0005
18.11.2019 02:09:02.553,Gas,588.159,587.259,0.0005,0.0005
18.11.2019 02:09:23.444,Gas,588.16,587.26,0.0003,0.0005
18.11.2019 02:09:29.093,Gas,588.159,587.259,0.0003,0.0005
18.11.2019 02:09:32.838,Gas,588.16,587.26,0.0002,0.0005
18.11.2019 02:09:37.253,Gas,588.409,587.509,0.0002,0.0005
18.11.2019 02:09:49.836,Gas,588.41,587.51,0.0005,0.0004
18.11.2019 02:10:10.432,Gas,588.409,587.509,0.0005,0.0005
18.11.2019 02:10:47.926,Gas,588.41,587.51,0.0004,0.0005
18.11.2019 02:10:51.753,Gas,588.409,587.509,0.0005,0.0005
18.11.2019 02:12:36.444,Gas,588.409,587.509,0.0003,0.0005
18.11.2019 02:12:39.587,Gas,588.41,587.51,0.0003,0.0005
18.11.2019 02:12:40.300,Gas,588.409,587.509,0.0004,0.0005
18.11.2019 02:12:56.549,Gas,588.41,587.51,0.0004,0.0005
18.11.2019 02:13:20.692,Gas,588.66,587.76,0.0002,0.0005
18.11.2019 02:13:22.257,Gas,588.659,587.759,0.0005,0.0005
18.11.2019 02:13:34.280,Gas,588.41,587.51,0.0005,0.0005
18.11.2019 02:13:35.859,Gas,588.409,587.509,0.0004,0.0005
18.11.2019 02:13:37.037,Gas,588.41,587.51,0.0005,0.0005
18.11.2019 02:13:52.109,Gas,588.409,587.509,0.0005,0.0005
18.11.2019 02:13:54.376,Gas,588.41,587.51,0.0004,0.0005
18.11.2019 02:14:35.964,Gas,588.66,587.76,0.0005,0.0005
18.11.2019 02:14:36.520,Gas,588.659,587.759,0.0005,0.0003
18.11.2019 02:14:37.143,Gas,588.53,587.63,0.0005,0.0003
18.11.2019 02:14:37.677,Gas,588.659,587.759,0.0005,0.0005
18.11.2019 02:14:45.752,Gas,588.529,587.629,0.0005,0.0004
18.11.2019 02:14:46.356,Gas,588.409,587.509,0.0005,0.0005
18.11.2019 02:14:56.833,Gas,588.659,587.759,0.0001,0.0005
18.11.2019 02:14:57.336,Gas,588.53,587.63,0.0005,0.0001
18.11.2019 02:15:04.671,Gas,588.659,587.759,0.0005,0.0005
18.11.2019 02:15:05.350,Gas,588.66,587.76,0.0005,0.0001
18.11.2019 02:15:25.662,Gas,588.529,587.629,0.0005,0.0001
18.11.2019 02:15:26.959,Gas,588.53,587.63,0.0005,0.0005
18.11.2019 02:15:52.003,Gas,588.41,587.51,0.0005,0.0005
18.11.2019 02:16:01.293,Gas,588.53,587.63,0.0001,0.0005
18.11.2019 02:16:01.813,Gas,588.659,587.759,0.0005,0.0005
18.11.2019 02:16:03.251,Gas,588.66,587.76,0.0005,0.0005
18.11.2019 02:16:03.859,Gas,588.659,587.759,0.0003,0.0005
18.11.2019 02:16:08.115,Gas,588.66,587.76,0.0005,0.0002
18.11.2019 02:16:14.464,Gas,588.659,587.759,0.0005,0.0005
18.11.2019 02:16:15.057,Gas,588.66,587.76,0.0005,0.0001
18.11.2019 02:16:23.174,Gas,588.659,587.759,0.0005,0.0001
18.11.2019 02:16:23.762,Gas,588.53,587.63,0.0005,0.0001
18.11.2019 02:16:48.354,Gas,588.659,587.759,0.0005,0.0005
18.11.2019 02:16:48.952,Gas,588.66,587.76,0.0005,0.0001
18.11.2019 02:16:51.053,Gas,588.659,587.759,0.0005,0.0002
18.11.2019 02:16:52.154,Gas,588.66,587.76,0.0001,0.0005
18.11.2019 02:16:54.388,Gas,588.659,587.759,0.0004,0.0005
18.11.2019 02:16:58.873,Gas,588.66,587.76,0.0004,0.0005
18.11.2019 02:16:59.380,Gas,588.659,587.759,0.0004,0.0005
18.11.2019 02:17:01.961,Gas,588.909,588.009,0.0001,0.0005
18.11.2019 02:17:06.383,Gas,589.16,588.26,0.0002,0.0005
18.11.2019 02:17:06.911,Gas,589.409,588.509,0.0001,0.0005
18.11.2019 02:17:07.465,Gas,589.659,588.759,0.0002,0.0005
18.11.2019 02:17:08.961,Gas,589.909,589.009,0.0004,0.0005
18.11.2019 02:17:09.465,Gas,590.03,589.13,0.0005,0.0001
18.11.2019 02:17:09.989,Gas,589.909,589.009,0.0005,0.0003
18.11.2019 02:17:11.072,Gas,590.16,589.26,0.0001,0.0005
18.11.2019 02:17:11.659,Gas,590.159,589.259,0.0005,0.0004
18.11.2019 02:17:12.222,Gas,589.909,589.009,0.0005,0.0004
18.11.2019 02:17:12.796,Gas,590.16,589.26,0.0003,0.0005
18.11.2019 02:17:13.255,Gas,589.91,589.01,0.0005,0.0001
18.11.2019 02:17:13.796,Gas,589.909,589.009,0.0005,0.0002
18.11.2019 02:17:14.889,Gas,590.029,589.129,0.0005,0.0005
18.11.2019 02:17:15.394,Gas,589.909,589.009,0.0005,0.0005
18.11.2019 02:17:16.460,Gas,590.03,589.13,0.0005,0.0005
18.11.2019 02:17:16.968,Gas,590.16,589.26,0.0005,0.0002
18.11.2019 02:17:18.036,Gas,590.159,589.259,0.0003,0.0005
18.11.2019 02:17:18.584,Gas,590.16,589.26,0.0005,0.0005
18.11.2019 02:17:20.100,Gas,589.909,589.009,0.0005,0.0001
18.11.2019 02:17:20.728,Gas,589.91,589.01,0.0002,0.0005
18.11.2019 02:17:21.891,Gas,589.909,589.009,0.0001,0.0005
18.11.2019 02:17:23.014,Gas,589.91,589.01,0.0005,0.0005
18.11.2019 02:17:25.274,Gas,589.909,589.009,0.0005,0.0004
18.11.2019 02:17:25.784,Gas,589.91,589.01,0.0003,0.0005
18.11.2019 02:17:27.586,Gas,590.159,589.259,0.0002,0.0005
18.11.2019 02:17:28.926,Gas,590.16,589.26,0.0005,0.0004
18.11.2019 02:17:30.457,Gas,590.409,589.509,0.0001,0.0005
18.11.2019 02:17:31.004,Gas,590.659,589.759,0.0003,0.0005
18.11.2019 02:17:32.022,Gas,590.91,590.01,0.0005,0.0005
18.11.2019 02:17:32.548,Gas,590.909,590.009,0.0004,0.0005
18.11.2019 02:17:33.648,Gas,591.159,590.259,0.0003,0.0005
18.11.2019 02:17:34.125,Gas,590.91,590.01,0.0003,0.0005
18.11.2019 02:17:35.316,Gas,590.909,590.009,0.0005,0.0005
18.11.2019 02:17:36.366,Gas,591.16,590.26,0.0005,0.0005
18.11.2019 02:17:36.913,Gas,590.909,590.009,0.0005,0.0005
18.11.2019 02:17:38.044,Gas,590.91,590.01,0.0005,0.0005
18.11.2019 02:17:38.555,Gas,591.16,590.26,0.0005,0.0004
18.11.2019 02:17:39.691,Gas,591.029,590.129,0.0005,0.0005
18.11.2019 02:17:40.199,Gas,590.909,590.009,0.0001,0.0005
18.11.2019 02:17:40.779,Gas,590.91,590.01,0.0005,0.0005
18.11.2019 02:17:41.437,Gas,590.78,589.88,0.0005,0.0001
18.11.2019 02:17:41.942,Gas,590.66,589.76,0.0005,0.0005
18.11.2019 02:17:42.467,Gas,590.91,590.01,0.0005,0.0001
18.11.2019 02:17:42.977,Gas,590.66,589.76,0.0002,0.0005
18.11.2019 02:17:44.995,Gas,590.659,589.759,0.0003,0.0005
18.11.2019 02:17:46.070,Gas,590.779,589.879,0.0002,0.0005
18.11.2019 02:17:46.648,Gas,590.78,589.88,0.0005,0.0005
18.11.2019 02:17:47.215,Gas,590.909,590.009,0.0005,0.0005
18.11.2019 02:17:47.757,Gas,590.78,589.88,0.0005,0.0003
18.11.2019 02:17:48.259,Gas,590.909,590.009,0.0005,0.0005
18.11.2019 02:17:49.700,Gas,590.91,590.01,0.0005,0.0001
18.11.2019 02:17:51.701,Gas,590.909,590.009,0.0004,0.0005
18.11.2019 02:17:52.809,Gas,590.78,589.88,0.0005,0.0005
18.11.2019 02:17:54.376,Gas,590.66,589.76,0.0005,0.0005
18.11.2019 02:17:54.884,Gas,590.659,589.759,0.0002,0.0005
18.11.2019 02:17:57.213,Gas,590.66,589.76,0.0005,0.0005
18.11.2019 02:17:57.789,Gas,590.659,589.759,0.0003,0.0005
18.11.2019 02:17:58.910,Gas,590.66,589.76,0.0005,0.0005
18.11.2019 02:18:00.110,Gas,590.659,589.759,0.0004,0.0005
18.11.2019 02:18:00.622,Gas,590.66,589.76,0.0005,0.0005
18.11.2019 02:18:01.143,Gas,590.78,589.88,0.0002,0.0005
18.11.2019 02:18:01.707,Gas,590.91,590.01,0.0005,0.0005
18.11.2019 02:18:07.270,Gas,590.909,590.009,0.0005,0.0004
18.11.2019 02:18:09.235,Gas,590.91,590.01,0.0005,0.0003
18.11.2019 02:18:10.745,Gas,590.909,590.009,0.0005,0.0004
18.11.2019 02:18:11.880,Gas,590.91,590.01,0.0005,0.0004
18.11.2019 02:18:12.394,Gas,590.78,589.88,0.0005,0.0001
18.11.2019 02:18:12.976,Gas,590.909,590.009,0.0005,0.0005
18.11.2019 02:18:15.392,Gas,590.779,589.879,0.0005,0.0001
18.11.2019 02:18:15.967,Gas,590.91,590.01,0.0005,0.0005
18.11.2019 02:18:16.566,Gas,590.909,590.009,0.0005,0.0003
18.11.2019 02:18:17.939,Gas,590.91,590.01,0.0005,0.0004
18.11.2019 02:18:19.039,Gas,590.909,590.009,0.0005,0.0001
18.11.2019 02:18:19.632,Gas,590.91,590.01,0.0005,0.0004
18.11.2019 02:18:20.753,Gas,590.66,589.76,0.0005,0.0001
18.11.2019 02:18:21.444,Gas,590.659,589.759,0.0002,0.0005
18.11.2019 02:18:23.493,Gas,590.66,589.76,0.0003,0.0005
18.11.2019 02:18:23.996,Gas,590.659,589.759,0.0001,0.0005
18.11.2019 02:18:25.701,Gas,590.66,589.76,0.0004,0.0005
18.11.2019 02:18:26.247,Gas,590.659,589.759,0.0003,0.0005
18.11.2019 02:18:27.453,Gas,590.66,589.76,0.0004,0.0005
18.11.2019 02:18:33.558,Gas,590.659,589.759,0.0004,0.0005
18.11.2019 02:18:37.119,Gas,590.409,589.509,0.0005,0.0005
18.11.2019 02:18:38.824,Gas,590.41,589.51,0.0002,0.0005
18.11.2019 02:18:41.033,Gas,590.529,589.629,0.0002,0.0005
18.11.2019 02:18:41.619,Gas,590.66,589.76,0.0005,0.0005
18.11.2019 02:18:42.753,Gas,590.659,589.759,0.0005,0.0004
18.11.2019 02:18:46.458,Gas,590.66,589.76,0.0005,0.0001
18.11.2019 02:18:48.927,Gas,590.659,589.759,0.0005,0.0003
18.11.2019 02:18:49.997,Gas,590.66,589.76,0.0005,0.0003
18.11.2019 02:18:50.523,Gas,590.659,589.759,0.0005,0.0001
18.11.2019 02:18:51.672,Gas,590.66,589.76,0.0005,0.0004
18.11.2019 02:18:52.913,Gas,590.659,589.759,0.0005,0.0001
18.11.2019 02:18:53.662,Gas,590.66,589.76,0.0005,0.0004
18.11.2019 02:18:57.753,Gas,590.53,589.63,0.0005,0.0001
18.11.2019 02:18:58.358,Gas,590.529,589.629,0.0005,0.0005
18.11.2019 02:18:59.332,Gas,590.66,589.76,0.0005,0.0005
18.11.2019 02:19:03.373,Gas,590.659,589.759,0.0005,0.0002
18.11.2019 02:19:03.949,Gas,590.66,589.76,0.0005,0.0004
18.11.2019 02:19:04.553,Gas,590.659,589.759,0.0005,0.0004
18.11.2019 02:19:08.456,Gas,590.66,589.76,0.0005,0.0004
18.11.2019 02:19:10.391,Gas,590.659,589.759,0.0005,0.0001
18.11.2019 02:19:12.750,Gas,590.66,589.76,0.0005,0.0004
18.11.2019 02:19:14.064,Gas,590.53,589.63,0.0005,0.0001
18.11.2019 02:19:14.598,Gas,590.409,589.509,0.0005,0.0005
18.11.2019 02:19:16.188,Gas,590.41,589.51,0.0003,0.0005
18.11.2019 02:19:19.157,Gas,590.409,589.509,0.0001,0.0005
18.11.2019 02:19:19.918,Gas,590.41,589.51,0.0003,0.0005
18.11.2019 02:19:21.104,Gas,590.409,589.509,0.0004,0.0005
18.11.2019 02:19:21.862,Gas,590.41,589.51,0.0003,0.0005
18.11.2019 02:19:23.472,Gas,590.409,589.509,0.0005,0.0005
18.11.2019 02:19:29.465,Gas,590.41,589.51,0.0005,0.0001
18.11.2019 02:19:29.990,Gas,590.28,589.38,0.0005,0.0001
18.11.2019 02:19:30.805,Gas,590.41,589.51,0.0005,0.0005
18.11.2019 02:19:31.711,Gas,590.409,589.509,0.0005,0.0004
18.11.2019 02:19:34.087,Gas,590.41,589.51,0.0005,0.0001
18.11.2019 02:19:34.722,Gas,590.28,589.38,0.0005,0.0001
18.11.2019 02:19:35.302,Gas,590.41,589.51,0.0005,0.0005
18.11.2019 02:19:35.817,Gas,590.409,589.509,0.0005,0.0004
18.11.2019 02:19:36.667,Gas,590.279,589.379,0.0005,0.0004
18.11.2019 02:19:39.664,Gas,590.41,589.51,0.0005,0.0005
18.11.2019 02:19:40.172,Gas,590.409,589.509,0.0005,0.0001
18.11.2019 02:19:41.271,Gas,590.28,589.38,0.0005,0.0001
18.11.2019 02:19:44.912,Gas,590.159,589.259,0.0005,0.0005
18.11.2019 02:19:47.082,Gas,590.16,589.26,0.0002,0.0005
18.11.2019 02:19:47.910,Gas,590.159,589.259,0.0003,0.0005
18.11.2019 02:19:50.815,Gas,590.16,589.26,0.0003,0.0005
18.11.2019 02:19:53.733,Gas,590.159,589.259,0.0003,0.0005
18.11.2019 02:19:58.100,Gas,590.16,589.26,0.0002,0.0005
18.11.2019 02:19:59.451,Gas,590.159,589.259,0.0003,0.0005
18.11.2019 02:20:00.225,Gas,590.16,589.26,0.0002,0.0005
18.11.2019 02:20:02.125,Gas,590.159,589.259,0.0002,0.0005
18.11.2019 02:20:02.958,Gas,590.16,589.26,0.0003,0.0005
18.11.2019 02:20:03.556,Gas,590.159,589.259,0.0002,0.0005
18.11.2019 02:20:07.060,Gas,590.16,589.26,0.0002,0.0005
18.11.2019 02:20:08.209,Gas,590.159,589.259,0.0003,0.0005
18.11.2019 02:20:09.524,Gas,590.16,589.26,0.0005,0.0005
18.11.2019 02:20:12.361,Gas,590.159,589.259,0.0005,0.0005
18.11.2019 02:20:31.339,Gas,590.409,589.509,0.0002,0.0005
18.11.2019 02:20:42.702,Gas,590.41,589.51,0.0005,0.0001
18.11.2019 02:20:43.209,Gas,590.409,589.509,0.0005,0.0005
18.11.2019 02:20:50.270,Gas,590.28,589.38,0.0005,0.0001
18.11.2019 02:20:56.366,Gas,590.41,589.51,0.0005,0.0005
18.11.2019 02:20:58.151,Gas,590.28,589.38,0.0005,0.0004
18.11.2019 02:21:00.140,Gas,590.16,589.26,0.0005,0.0005
18.11.2019 02:21:00.818,Gas,590.159,589.259,0.0001,0.0005
18.11.2019 02:21:02.014,Gas,590.279,589.379,0.0002,0.0005
18.11.2019 02:21:02.581,Gas,590.28,589.38,0.0005,0.0005
18.11.2019 02:21:03.173,Gas,590.409,589.509,0.0005,0.0005
18.11.2019 02:21:04.017,Gas,590.28,589.38,0.0005,0.0001
18.11.2019 02:21:04.762,Gas,590.279,589.379,0.0005,0.0005
18.11.2019 02:21:05.970,Gas,590.16,589.26,0.0005,0.0005
18.11.2019 02:21:06.565,Gas,590.409,589.509,0.0002,0.0005
18.11.2019 02:21:07.072,Gas,590.41,589.51,0.0005,0.0001
18.11.2019 02:21:08.143,Gas,590.409,589.509,0.0004,0.0005
18.11.2019 02:21:10.867,Gas,590.41,589.51,0.0003,0.0005
18.11.2019 02:21:12.079,Gas,590.409,589.509,0.0002,0.0005
18.11.2019 02:21:19.453,Gas,590.41,589.51,0.0003,0.0005
18.11.2019 02:21:34.479,Gas,590.409,589.509,0.0004,0.0005
18.11.2019 02:21:35.466,Gas,590.41,589.51,0.0003,0.0005
18.11.2019 02:21:38.429,Gas,590.409,589.509,0.0004,0.0005
18.11.2019 02:21:39.948,Gas,590.41,589.51,0.0003,0.0005
18.11.2019 02:21:41.061,Gas,590.409,589.509,0.0005,0.0005
18.11.2019 02:21:52.004,Gas,590.41,589.51,0.0003,0.0005
18.11.2019 02:21:54.424,Gas,590.409,589.509,0.0005,0.0005
18.11.2019 02:21:59.115,Gas,590.41,589.51,0.0005,0.0001
18.11.2019 02:22:50.586,Gas,590.16,589.26,0.0005,0.0005
18.11.2019 02:22:51.129,Gas,589.91,589.01,0.0005,0.0005
18.11.2019 02:22:53.194,Gas,589.909,589.009,0.0001,0.0005
18.11.2019 02:22:54.628,Gas,589.91,589.01,0.0002,0.0005
18.11.2019 02:22:55.819,Gas,589.909,589.009,0.0001,0.0005
18.11.2019 02:22:57.807,Gas,589.91,589.01,0.0001,0.0005
18.11.2019 02:22:59.311,Gas,589.909,589.009,0.0002,0.0005
18.11.2019 02:22:59.821,Gas,589.91,589.01,0.0002,0.0005
18.11.2019 02:23:03.049,Gas,589.909,589.009,0.0002,0.0005
18.11.2019 02:23:05.734,Gas,589.91,589.01,0.0002,0.0005
18.11.2019 02:23:10.873,Gas,589.909,589.009,0.0005,0.0002
18.11.2019 02:23:12.446,Gas,589.91,589.01,0.0005,0.0005
18.11.2019 02:23:28.865,Gas,589.909,589.009,0.0005,0.0005
18.11.2019 02:23:34.010,Gas,589.91,589.01,0.0005,0.0003
18.11.2019 02:23:34.699,Gas,589.909,589.009,0.0005,0.0002
18.11.2019 02:23:35.604,Gas,589.659,588.759,0.0005,0.0002
18.11.2019 02:23:37.571,Gas,589.66,588.76,0.0001,0.0005
18.11.2019 02:23:40.571,Gas,589.659,588.759,0.0005,0.0005
18.11.2019 02:23:42.759,Gas,589.66,588.76,0.0005,0.0003
18.11.2019 02:23:52.054,Gas,589.659,588.759,0.0003,0.0005
18.11.2019 02:23:53.348,Gas,589.66,588.76,0.0005,0.0005
18.11.2019 02:24:00.857,Gas,589.659,588.759,0.0005,0.0002
18.11.2019 02:24:08.136,Gas,589.66,588.76,0.0005,0.0003
18.11.2019 02:24:17.721,Gas,589.659,588.759,0.0005,0.0005
18.11.2019 02:24:24.860,Gas,589.66,588.76,0.0003,0.0005
18.11.2019 02:24:35.717,Gas,589.779,588.879,0.0002,0.0005
18.11.2019 02:24:36.277,Gas,589.78,588.88,0.0005,0.0005
18.11.2019 02:24:40.777,Gas,589.91,589.01,0.0005,0.0005
18.11.2019 02:24:44.313,Gas,589.909,589.009,0.0005,0.0002
18.11.2019 02:24:52.380,Gas,589.91,589.01,0.0005,0.0002
18.11.2019 02:24:53.797,Gas,589.909,589.009,0.0005,0.0003
18.11.2019 02:24:54.361,Gas,589.91,589.01,0.0005,0.0003
18.11.2019 02:25:05.339,Gas,589.909,589.009,0.0005,0.0003
18.11.2019 02:25:09.686,Gas,589.91,589.01,0.0005,0.0005
18.11.2019 02:25:13.652,Gas,589.909,589.009,0.0005,0.0004
18.11.2019 02:25:17.464,Gas,589.91,589.01,0.0005,0.0005
18.11.2019 02:25:19.059,Gas,589.909,589.009,0.0005,0.0004
18.11.2019 02:25:20.338,Gas,589.91,589.01,0.0005,0.0004
18.11.2019 02:25:35.155,Gas,589.909,589.009,0.0005,0.0002
18.11.2019 02:25:36.614,Gas,589.66,588.76,0.0005,0.0002
18.11.2019 02:25:39.470,Gas,589.659,588.759,0.0002,0.0005
18.11.2019 02:25:45.496,Gas,589.66,588.76,0.0002,0.0005
18.11.2019 02:25:46.399,Gas,589.659,588.759,0.0005,0.0005
18.11.2019 02:26:04.170,Gas,589.66,588.76,0.0005,0.0005
18.11.2019 02:26:05.297,Gas,589.659,588.759,0.0005,0.0003
18.11.2019 02:26:06.264,Gas,589.66,588.76,0.0005,0.0003
18.11.2019 02:26:07.293,Gas,589.659,588.759,0.0005,0.0005
18.11.2019 02:26:16.765,Gas,589.66,588.76,0.0005,0.0002
18.11.2019 02:26:18.947,Gas,589.659,588.759,0.0005,0.0005
18.11.2019 02:26:46.909,Gas,589.909,589.009,0.0002,0.0005
18.11.2019 02:26:48.877,Gas,589.91,589.01,0.0005,0.0001
18.11.2019 02:26:50.159,Gas,589.909,589.009,0.0005,0.0001
18.11.2019 02:26:50.805,Gas,589.91,589.01,0.0005,0.0001
18.11.2019 02:26:53.593,Gas,589.909,589.009,0.0005,0.0002
18.11.2019 02:26:54.185,Gas,589.91,589.01,0.0005,0.0002
18.11.2019 02:26:55.238,Gas,589.909,589.009,0.0005,0.0001
18.11.2019 02:26:59.641,Gas,589.91,589.01,0.0005,0.0002
18.11.2019 02:27:01.839,Gas,589.909,589.009,0.0005,0.0004
18.11.2019 02:27:04.675,Gas,589.91,589.01,0.0005,0.0005
18.11.2019 02:27:27.254,Gas,589.909,589.009,0.0005,0.0003
18.11.2019 02:27:49.516,Gas,589.91,589.01,0.0002,0.0005
18.11.2019 02:28:46.992,Gas,589.909,589.009,0.0005,0.0003
18.11.2019 02:29:01.772,Gas,589.91,589.01,0.0005,0.0002
18.11.2019 02:29:27.854,Gas,589.909,589.009,0.0005,0.0003
18.11.2019 02:29:28.831,Gas,589.91,589.01,0.0005,0.0002
18.11.2019 02:29:34.624,Gas,589.909,589.009,0.0005,0.0005
18.11.2019 02:29:35.341,Gas,589.91,589.01,0.0005,0.0003
18.11.2019 02:29:39.298,Gas,589.909,589.009,0.0005,0.0005
18.11.2019 02:29:55.761,Gas,589.91,589.01,0.0005,0.0003
18.11.2019 02:29:59.238,Gas,589.909,589.009,0.0005,0.0002
18.11.2019 02:30:04.660,Gas,589.91,589.01,0.0005,0.0005
18.11.2019 02:30:11.792,Gas,589.909,589.009,0.0005,0.0003
18.11.2019 02:30:18.868,Gas,589.91,589.01,0.0005,0.0003
18.11.2019 02:30:28.702,Gas,590.16,589.26,0.0005,0.0005
18.11.2019 02:30:29.274,Gas,589.909,589.009,0.0005,0.0001
18.11.2019 02:30:31.842,Gas,589.91,589.01,0.0005,0.0005
18.11.2019 02:30:35.158,Gas,589.909,589.009,0.0005,0.0003
18.11.2019 02:30:37.156,Gas,589.91,589.01,0.0005,0.0002
18.11.2019 02:30:41.669,Gas,589.909,589.009,0.0005,0.0002
18.11.2019 02:30:43.734,Gas,589.91,589.01,0.0005,0.0002
18.11.2019 02:30:44.762,Gas,589.909,589.009,0.0005,0.0001
18.11.2019 02:30:45.325,Gas,589.91,589.01,0.0005,0.0002
18.11.2019 02:30:47.557,Gas,589.909,589.009,0.0005,0.0002
18.11.2019 02:30:49.361,Gas,589.91,589.01,0.0005,0.0001
18.11.2019 02:30:51.963,Gas,589.659,588.759,0.0005,0.0001
18.11.2019 02:31:00.189,Gas,589.66,588.76,0.0001,0.0005
18.11.2019 02:31:00.752,Gas,589.659,588.759,0.0001,0.0005
18.11.2019 02:31:01.280,Gas,589.91,589.01,0.0001,0.0005
18.11.2019 02:31:01.943,Gas,589.909,589.009,0.0005,0.0005
18.11.2019 02:31:17.630,Gas,589.66,588.76,0.0005,0.0005
18.11.2019 02:31:25.368,Gas,589.659,588.759,0.0002,0.0005
18.11.2019 02:31:27.882,Gas,589.66,588.76,0.0003,0.0005
18.11.2019 02:31:31.191,Gas,589.659,588.759,0.0002,0.0005
18.11.2019 02:31:31.937,Gas,589.66,588.76,0.0003,0.0005
18.11.2019 02:31:57.423,Gas,589.659,588.759,0.0003,0.0005
18.11.2019 02:32:02.931,Gas,589.66,588.76,0.0003,0.0005
18.11.2019 02:32:03.439,Gas,589.659,588.759,0.0003,0.0005
18.11.2019 02:32:13.674,Gas,589.66,588.76,0.0003,0.0005
18.11.2019 02:32:19.285,Gas,589.659,588.759,0.0003,0.0005
18.11.2019 02:32:21.285,Gas,589.66,588.76,0.0002,0.0005
18.11.2019 02:32:37.043,Gas,589.659,588.759,0.0002,0.0005
18.11.2019 02:32:40.022,Gas,589.66,588.76,0.0001,0.0005
18.11.2019 02:32:44.686,Gas,589.659,588.759,0.0002,0.0005
18.11.2019 02:32:46.838,Gas,589.66,588.76,0.0002,0.0005
18.11.2019 02:32:47.361,Gas,589.659,588.759,0.0002,0.0005
18.11.2019 02:32:49.481,Gas,589.66,588.76,0.0002,0.0005
18.11.2019 02:32:54.179,Gas,589.659,588.759,0.0002,0.0005
18.11.2019 02:32:58.990,Gas,589.66,588.76,0.0002,0.0005
18.11.2019 02:33:02.223,Gas,589.659,588.759,0.0003,0.0005
18.11.2019 02:33:02.730,Gas,589.66,588.76,0.0002,0.0005
18.11.2019 02:33:03.362,Gas,589.659,588.759,0.0001,0.0005
18.11.2019 02:33:04.320,Gas,589.66,588.76,0.0001,0.0005
18.11.2019 02:33:05.261,Gas,589.659,588.759,0.0001,0.0005
18.11.2019 02:33:08.864,Gas,589.66,588.76,0.0002,0.0005
18.11.2019 02:33:12.462,Gas,589.659,588.759,0.0005,0.0005
18.11.2019 02:33:15.724,Gas,589.66,588.76,0.0002,0.0005
18.11.2019 02:33:24.342,Gas,589.659,588.759,0.0002,0.0005
18.11.2019 02:33:38.197,Gas,589.66,588.76,0.0003,0.0005
18.11.2019 02:33:40.661,Gas,589.659,588.759,0.0005,0.0005
18.11.2019 02:34:21.099,Gas,589.66,588.76,0.0001,0.0005
18.11.2019 02:34:28.813,Gas,589.659,588.759,0.0001,0.0005
18.11.2019 02:34:29.565,Gas,589.779,588.879,0.0001,0.0005
18.11.2019 02:34:48.092,Gas,589.909,589.009,0.0005,0.0005
18.11.2019 02:34:58.299,Gas,589.91,589.01,0.0005,0.0005
18.11.2019 02:35:04.629,Gas,589.909,589.009,0.0005,0.0003
18.11.2019 02:35:23.148,Gas,589.779,588.879,0.0005,0.0005
18.11.2019 02:35:23.686,Gas,589.909,589.009,0.0005,0.0005
18.11.2019 02:35:39.771,Gas,589.91,589.01,0.0003,0.0005
18.11.2019 02:35:42.624,Gas,589.909,589.009,0.0003,0.0005
18.11.2019 02:35:47.649,Gas,589.91,589.01,0.0002,0.0005
18.11.2019 02:35:48.459,Gas,590.029,589.129,0.0002,0.0005
18.11.2019 02:35:48.969,Gas,590.159,589.259,0.0005,0.0005
18.11.2019 02:35:51.571,Gas,590.16,589.26,0.0005,0.0002
18.11.2019 02:35:53.894,Gas,590.159,589.259,0.0005,0.0001
18.11.2019 02:35:58.515,Gas,590.16,589.26,0.0005,0.0003
18.11.2019 02:36:00.576,Gas,590.159,589.259,0.0005,0.0003
18.11.2019 02:36:01.164,Gas,590.16,589.26,0.0005,0.0001
18.11.2019 02:36:02.051,Gas,590.159,589.259,0.0005,0.0001
18.11.2019 02:36:04.247,Gas,590.16,589.26,0.0005,0.0003
18.11.2019 02:36:05.104,Gas,590.159,589.259,0.0005,0.0002
18.11.2019 02:36:05.651,Gas,590.16,589.26,0.0005,0.0003
18.11.2019 02:36:06.163,Gas,590.159,589.259,0.0005,0.0003
18.11.2019 02:36:07.560,Gas,590.16,589.26,0.0005,0.0001
18.11.2019 02:36:23.647,Gas,590.159,589.259,0.0005,0.0002
18.11.2019 02:36:25.160,Gas,590.16,589.26,0.0005,0.0005
18.11.2019 02:36:27.133,Gas,590.159,589.259,0.0005,0.0002
18.11.2019 02:36:32.758,Gas,590.16,589.26,0.0005,0.0001
18.11.2019 02:36:37.572,Gas,590.159,589.259,0.0005,0.0002
18.11.2019 02:36:40.567,Gas,590.16,589.26,0.0005,0.0002
18.11.2019 02:36:41.287,Gas,589.909,589.009,0.0005,0.0001
18.11.2019 02:36:44.963,Gas,589.91,589.01,0.0003,0.0005
18.11.2019 02:36:45.508,Gas,589.909,589.009,0.0005,0.0005
18.11.2019 02:36:58.279,Gas,589.91,589.01,0.0005,0.0003
18.11.2019 02:37:04.891,Gas,589.909,589.009,0.0005,0.0003
18.11.2019 02:37:05.903,Gas,589.91,589.01,0.0005,0.0003
18.11.2019 02:37:16.868,Gas,589.909,589.009,0.0005,0.0003
18.11.2019 02:37:44.013,Gas,589.91,589.01,0.0005,0.0003
18.11.2019 02:38:03.114,Gas,589.909,589.009,0.0004,0.0005
18.11.2019 02:38:13.268,Gas,589.91,589.01,0.0005,0.0003
18.11.2019 02:38:14.571,Gas,589.909,589.009,0.0005,0.0005
18.11.2019 02:38:16.631,Gas,589.91,589.01,0.0005,0.0003
18.11.2019 02:38:17.745,Gas,589.909,589.009,0.0005,0.0001
18.11.2019 02:38:25.365,Gas,589.779,588.879,0.0005,0.0002
18.11.2019 02:38:41.170,Gas,589.909,589.009,0.0005,0.0005
18.11.2019 02:38:51.666,Gas,589.91,589.01,0.0005,0.0003
18.11.2019 02:38:53.211,Gas,589.909,589.009,0.0005,0.0002
18.11.2019 02:39:00.263,Gas,589.91,589.01,0.0005,0.0001
18.11.2019 02:39:00.907,Gas,589.779,588.879,0.0005,0.0001
18.11.2019 02:39:06.803,Gas,589.91,589.01,0.0005,0.0005
18.11.2019 02:39:21.470,Gas,589.909,589.009,0.0005,0.0003
18.11.2019 02:39:23.616,Gas,589.91,589.01,0.0005,0.0002
18.11.2019 02:39:26.871,Gas,589.909,589.009,0.0005,0.0001
18.11.2019 02:39:30.294,Gas,589.91,589.01,0.0005,0.0005
18.11.2019 02:39:31.401,Gas,589.909,589.009,0.0005,0.0001
18.11.2019 02:39:34.623,Gas,589.91,589.01,0.0005,0.0005
18.11.2019 02:44:44.172,Gas,589.91,589.01,0.0004,0.0005
18.11.2019 02:45:06.244,Gas,590.159,589.259,0.0005,0.0005
18.11.2019 02:45:08.554,Gas,590.03,589.13,0.0005,0.0001
18.11.2019 02:45:09.062,Gas,590.029,589.129,0.0005,0.0005
18.11.2019 02:45:10.260,Gas,589.91,589.01,0.0005,0.0005
18.11.2019 02:45:10.794,Gas,590.03,589.13,0.0001,0.0005
18.11.2019 02:45:11.438,Gas,589.909,589.009,0.0005,0.0005
18.11.2019 02:45:12.765,Gas,589.91,589.01,0.0001,0.0005
18.11.2019 02:45:14.398,Gas,590.03,589.13,0.0001,0.0005
18.11.2019 02:45:16.366,Gas,590.029,589.129,0.0005,0.0005
18.11.2019 02:45:47.968,Gas,590.159,589.259,0.0005,0.0005
18.11.2019 02:45:48.560,Gas,590.16,589.26,0.0005,0.0002
18.11.2019 02:46:07.592,Gas,589.909,589.009,0.0005,0.0001
18.11.2019 02:46:08.129,Gas,590.16,589.26,0.0001,0.0005
18.11.2019 02:46:12.794,Gas,590.159,589.259,0.0005,0.0004
18.11.2019 02:46:19.767,Gas,590.029,589.129,0.0005,0.0001
18.11.2019 02:46:21.553,Gas,589.91,589.01,0.0005,0.0005
18.11.2019 02:46:30.760,Gas,590.029,589.129,0.0001,0.0005
18.11.2019 02:46:33.164,Gas,589.91,589.01,0.0005,0.0005
18.11.2019 02:46:33.855,Gas,590.03,589.13,0.0001,0.0005
18.11.2019 02:46:35.028,Gas,590.029,589.129,0.0005,0.0005
18.11.2019 02:46:37.159,Gas,589.91,589.01,0.0005,0.0005
18.11.2019 02:46:37.965,Gas,589.909,589.009,0.0001,0.0005
18.11.2019 02:46:42.333,Gas,589.91,589.01,0.0003,0.0005
18.11.2019 02:46:42.896,Gas,589.909,589.009,0.0001,0.0005
18.11.2019 02:47:06.055,Gas,589.91,589.01,0.0004,0.0005
18.11.2019 02:47:20.960,Gas,589.909,589.009,0.0005,0.0005
18.11.2019 02:47:25.297,Gas,590.159,589.259,0.0005,0.0005
18.11.2019 02:47:26.457,Gas,590.16,589.26,0.0005,0.0004
18.11.2019 02:47:29.122,Gas,590.159,589.259,0.0005,0.0002
18.11.2019 02:47:30.735,Gas,590.16,589.26,0.0005,0.0004
18.11.2019 02:47:34.681,Gas,590.159,589.259,0.0005,0.0002
18.11.2019 02:47:36.163,Gas,590.16,589.26,0.0005,0.0004
18.11.2019 02:47:48.336,Gas,590.03,589.13,0.0005,0.0005
18.11.2019 02:47:49.040,Gas,590.159,589.259,0.0005,0.0005
18.11.2019 02:47:50.321,Gas,590.16,589.26,0.0005,0.0001
18.11.2019 02:48:33.666,Gas,590.159,589.259,0.0005,0.0001
18.11.2019 02:48:37.159,Gas,590.16,589.26,0.0005,0.0004
18.11.2019 02:48:41.756,Gas,590.159,589.259,0.0005,0.0001
18.11.2019 02:48:53.064,Gas,590.16,589.26,0.0005,0.0001
18.11.2019 02:48:56.209,Gas,590.159,589.259,0.0005,0.0004
18.11.2019 02:48:57.364,Gas,590.16,589.26,0.0005,0.0004
18.11.2019 02:48:58.349,Gas,590.159,589.259,0.0005,0.0001
18.11.2019 02:49:00.740,Gas,590.029,589.129,0.0005,0.0001
18.11.2019 02:49:01.473,Gas,590.159,589.259,0.0005,0.0005
18.11.2019 02:49:02.473,Gas,590.16,589.26,0.0005,0.0004
18.11.2019 02:49:17.437,Gas,590.159,589.259,0.0005,0.0004
18.11.2019 02:49:19.402,Gas,590.16,589.26,0.0005,0.0004
18.11.2019 02:49:20.159,Gas,590.03,589.13,0.0005,0.0001
18.11.2019 02:49:22.365,Gas,590.029,589.129,0.0005,0.0005
18.11.2019 02:49:23.826,Gas,590.159,589.259,0.0005,0.0005
18.11.2019 02:49:25.459,Gas,590.03,589.13,0.0005,0.0004
18.11.2019 02:49:26.559,Gas,589.909,589.009,0.0005,0.0005
18.11.2019 02:49:27.163,Gas,589.91,589.01,0.0002,0.0005
18.11.2019 02:49:36.049,Gas,589.909,589.009,0.0003,0.0005
18.11.2019 02:49:41.875,Gas,589.91,589.01,0.0003,0.0005
18.11.2019 02:49:45.397,Gas,589.909,589.009,0.0004,0.0005
18.11.2019 02:49:54.193,Gas,590.029,589.129,0.0001,0.0005
18.11.2019 02:49:55.363,Gas,590.03,589.13,0.0005,0.0005
18.11.2019 02:49:58.165,Gas,589.909,589.009,0.0005,0.0005
18.11.2019 02:49:59.965,Gas,589.91,589.01,0.0002,0.0005
18.11.2019 02:50:08.481,Gas,589.909,589.009,0.0005,0.0005
18.11.2019 02:50:12.929,Gas,589.91,589.01,0.0002,0.0005
18.11.2019 02:50:18.625,Gas,589.909,589.009,0.0002,0.0005
18.11.2019 02:50:43.365,Gas,589.91,589.01,0.0002,0.0005
18.11.2019 02:51:16.524,Gas,589.779,588.879,0.0005,0.0005
18.11.2019 02:51:30.995,Gas,589.659,588.759,0.0005,0.0005
18.11.2019 02:51:39.569,Gas,589.91,589.01,0.0001,0.0005
18.11.2019 02:51:40.824,Gas,589.909,589.009,0.0005,0.0005
18.11.2019 02:52:04.719,Gas,590.159,589.259,0.0001,0.0005
18.11.2019 02:53:37.757,Gas,590.279,589.379,0.0001,0.0005
18.11.2019 02:53:40.265,Gas,590.159,589.259,0.0005,0.0005
18.11.2019 02:53:40.771,Gas,590.16,589.26,0.0001,0.0005
18.11.2019 02:53:48.848,Gas,590.159,589.259,0.0001,0.0005
18.11.2019 02:53:50.108,Gas,590.16,589.26,0.0002,0.0005
18.11.2019 02:53:54.405,Gas,590.159,589.259,0.0002,0.0005
18.11.2019 02:53:55.645,Gas,590.16,589.26,0.0002,0.0005
18.11.2019 02:54:06.149,Gas,590.159,589.259,0.0003,0.0005
18.11.2019 02:55:40.437,Gas,590.41,589.51,0.0002,0.0005
18.11.2019 02:55:40.973,Gas,590.409,589.509,0.0005,0.0004
18.11.2019 02:56:32.369,Gas,590.41,589.51,0.0005,0.0003
18.11.2019 02:56:35.297,Gas,590.409,589.509,0.0005,0.0005
18.11.2019 02:56:57.104,Gas,590.41,589.51,0.0005,0.0005
18.11.2019 02:58:22.988,Gas,590.16,589.26,0.0005,0.0005
18.11.2019 02:58:29.175,Gas,589.909,589.009,0.0005,0.0005
18.11.2019 02:58:30.302,Gas,589.91,589.01,0.0003,0.0005
18.11.2019 02:58:30.953,Gas,589.909,589.009,0.0003,0.0005
18.11.2019 02:58:32.464,Gas,589.91,589.01,0.0003,0.0005
18.11.2019 02:58:37.663,Gas,589.909,589.009,0.0003,0.0005
18.11.2019 02:58:47.198,Gas,590.16,589.26,0.0001,0.0005
18.11.2019 02:58:48.268,Gas,590.159,589.259,0.0005,0.0005
18.11.2019 02:58:59.720,Gas,590.03,589.13,0.0005,0.0005
18.11.2019 02:59:00.653,Gas,590.159,589.259,0.0005,0.0005
18.11.2019 02:59:01.271,Gas,590.16,589.26,0.0005,0.0004
18.11.2019 02:59:02.228,Gas,590.029,589.129,0.0005,0.0004
18.11.2019 02:59:06.336,Gas,590.16,589.26,0.0005,0.0005
18.11.2019 02:59:21.565,Gas,590.159,589.259,0.0005,0.0001
18.11.2019 02:59:25.687,Gas,590.16,589.26,0.0005,0.0005
18.11.2019 02:59:31.159,Gas,590.159,589.259,0.0005,0.0003
18.11.2019 02:59:37.983,Gas,590.16,589.26,0.0005,0.0005
18.11.2019 02:59:51.049,Gas,590.159,589.259,0.0002,0.0005
18.11.2019 02:59:52.034,Gas,590.16,589.26,0.0005,0.0005
18.11.2019 03:00:00.019,Gas,590.259,589.359,0.0005,0.0005
18.11.2019 03:00:02.218,Gas,590.51,589.61,0.0005,0.0005
18.11.2019 03:00:07.868,Gas,590.259,589.359,0.0005,0.0001
18.11.2019 03:00:08.377,Gas,590.26,589.36,0.0001,0.0005
18.11.2019 03:00:08.980,Gas,590.379,589.479,0.0001,0.0005
18.11.2019 03:00:10.362,Gas,590.38,589.48,0.0005,0.0005
18.11.2019 03:00:10.937,Gas,590.259,589.359,0.0005,0.0005
18.11.2019 03:00:11.769,Gas,590.26,589.36,0.0001,0.0005
18.11.2019 03:00:12.840,Gas,590.259,589.359,0.0003,0.0005
18.11.2019 03:00:14.031,Gas,590.009,589.109,0.0004,0.0005
18.11.2019 03:00:14.749,Gas,590.01,589.11,0.0003,0.0005
18.11.2019 03:00:16.462,Gas,590.009,589.109,0.0001,0.0005
18.11.2019 03:00:17.066,Gas,590.01,589.11,0.0004,0.0005
18.11.2019 03:00:25.565,Gas,590.009,589.109,0.0004,0.0005
18.11.2019 03:00:26.624,Gas,590.01,589.11,0.0005,0.0005
18.11.2019 03:00:43.246,Gas,590.009,589.109,0.0004,0.0005
18.11.2019 03:00:49.527,Gas,590.01,589.11,0.0005,0.0005
18.11.2019 03:00:55.804,Gas,590.009,589.109,0.0003,0.0005
18.11.2019 03:00:57.864,Gas,590.129,589.229,0.0002,0.0005
18.11.2019 03:00:58.541,Gas,590.13,589.23,0.0005,0.0005
18.11.2019 03:00:59.760,Gas,590.01,589.11,0.0005,0.0005
18.11.2019 03:01:01.073,Gas,590.009,589.109,0.0005,0.0002
18.11.2019 03:01:05.245,Gas,589.759,588.859,0.0005,0.0005
18.11.2019 03:01:08.725,Gas,589.76,588.86,0.0001,0.0005
18.11.2019 03:01:09.266,Gas,589.759,588.859,0.0001,0.0005
18.11.2019 03:01:12.082,Gas,589.76,588.86,0.0001,0.0005
18.11.2019 03:01:14.177,Gas,589.759,588.859,0.0004,0.0005
18.11.2019 03:01:28.550,Gas,589.76,588.86,0.0004,0.0005
18.11.2019 03:01:30.171,Gas,589.759,588.859,0.0002,0.0005
18.11.2019 03:01:30.745,Gas,589.76,588.86,0.0004,0.0005
18.11.2019 03:01:31.959,Gas,589.759,588.859,0.0005,0.0005
18.11.2019 03:01:36.622,Gas,589.76,588.86,0.0002,0.0005
18.11.2019 03:01:40.145,Gas,589.759,588.859,0.0005,0.0005
18.11.2019 03:01:45.923,Gas,589.76,588.86,0.0003,0.0005
18.11.2019 03:01:47.067,Gas,589.759,588.859,0.0005,0.0005
18.11.2019 03:01:57.383,Gas,589.879,588.979,0.0001,0.0005
18.11.2019 03:02:00.302,Gas,589.76,588.86,0.0005,0.0005
18.11.2019 03:02:01.068,Gas,589.759,588.859,0.0001,0.0005
18.11.2019 03:02:01.718,Gas,589.879,588.979,0.0001,0.0005
18.11.2019 03:02:07.471,Gas,590.009,589.109,0.0005,0.0005
18.11.2019 03:02:08.040,Gas,589.88,588.98,0.0005,0.0002
18.11.2019 03:02:09.024,Gas,589.759,588.859,0.0005,0.0005
18.11.2019 03:02:09.535,Gas,589.76,588.86,0.0001,0.0005
18.11.2019 03:02:19.727,Gas,589.759,588.859,0.0003,0.0005
18.11.2019 03:02:20.370,Gas,589.76,588.86,0.0001,0.0005
18.11.2019 03:02:27.198,Gas,589.759,588.859,0.0002,0.0005
18.11.2019 03:02:29.630,Gas,589.76,588.86,0.0005,0.0005
18.11.2019 03:02:52.645,Gas,589.759,588.859,0.0005,0.0005
18.11.2019 03:03:01.247,Gas,589.76,588.86,0.0002,0.0005
18.11.2019 03:03:01.958,Gas,589.879,588.979,0.0001,0.0005
18.11.2019 03:03:02.577,Gas,589.88,588.98,0.0005,0.0005
18.11.2019 03:03:05.572,Gas,589.759,588.859,0.0005,0.0005
18.11.2019 03:03:06.094,Gas,589.76,588.86,0.0001,0.0005
18.11.2019 03:03:06.740,Gas,589.759,588.859,0.0001,0.0005
18.11.2019 03:03:08.192,Gas,589.76,588.86,0.0004,0.0005
18.11.2019 03:03:16.728,Gas,589.879,588.979,0.0001,0.0005
18.11.2019 03:03:17.255,Gas,590.01,589.11,0.0005,0.0005
18.11.2019 03:03:21.268,Gas,589.879,588.979,0.0005,0.0002
18.11.2019 03:03:22.267,Gas,589.88,588.98,0.0005,0.0005
18.11.2019 03:03:22.814,Gas,590.01,589.11,0.0005,0.0005
18.11.2019 03:03:23.999,Gas,589.759,588.859,0.0005,0.0002
18.11.2019 03:03:25.147,Gas,589.879,588.979,0.0001,0.0005
18.11.2019 03:03:30.917,Gas,590.01,589.11,0.0005,0.0005
18.11.2019 03:03:32.099,Gas,589.88,588.98,0.0005,0.0001
18.11.2019 03:03:33.715,Gas,590.01,589.11,0.0005,0.0005
18.11.2019 03:03:34.601,Gas,590.009,589.109,0.0005,0.0002
18.11.2019 03:03:38.274,Gas,589.76,588.86,0.0005,0.0002
18.11.2019 03:03:40.189,Gas,589.879,588.979,0.0001,0.0005
18.11.2019 03:03:40.743,Gas,590.01,589.11,0.0005,0.0005
18.11.2019 03:03:41.446,Gas,589.88,588.98,0.0005,0.0001
18.11.2019 03:03:41.965,Gas,589.879,588.979,0.0005,0.0005
18.11.2019 03:03:43.433,Gas,590.01,589.11,0.0005,0.0005
18.11.2019 03:03:44.560,Gas,590.009,589.109,0.0005,0.0001
18.11.2019 03:03:45.149,Gas,589.88,588.98,0.0005,0.0001
18.11.2019 03:03:46.710,Gas,589.879,588.979,0.0005,0.0005
18.11.2019 03:03:48.798,Gas,589.759,588.859,0.0005,0.0005
18.11.2019 03:03:58.147,Gas,589.76,588.86,0.0002,0.0005
18.11.2019 03:04:00.491,Gas,589.759,588.859,0.0001,0.0005
18.11.2019 03:04:03.037,Gas,589.76,588.86,0.0002,0.0005
18.11.2019 03:04:08.497,Gas,589.759,588.859,0.0005,0.0005
18.11.2019 03:05:00.901,Gas,589.88,588.98,0.0005,0.0005
18.11.2019 03:05:01.859,Gas,590.01,589.11,0.0005,0.0005
18.11.2019 03:05:03.245,Gas,589.76,588.86,0.0005,0.0002
18.11.2019 03:05:03.960,Gas,589.88,588.98,0.0001,0.0005
18.11.2019 03:05:08.071,Gas,589.759,588.859,0.0005,0.0005
18.11.2019 03:05:18.867,Gas,589.76,588.86,0.0002,0.0005
18.11.2019 03:05:20.813,Gas,589.759,588.859,0.0002,0.0005
18.11.2019 03:05:22.813,Gas,589.76,588.86,0.0005,0.0005
18.11.2019 03:05:34.070,Gas,589.759,588.859,0.0002,0.0005
18.11.2019 03:05:39.036,Gas,589.76,588.86,0.0003,0.0005
18.11.2019 03:05:55.819,Gas,589.759,588.859,0.0001,0.0005
18.11.2019 03:05:56.561,Gas,589.76,588.86,0.0005,0.0005
18.11.2019 03:06:01.599,Gas,589.88,588.98,0.0001,0.0005
18.11.2019 03:06:02.229,Gas,589.879,588.979,0.0005,0.0005
18.11.2019 03:06:03.439,Gas,589.759,588.859,0.0005,0.0005
18.11.2019 03:06:11.946,Gas,589.879,588.979,0.0001,0.0005
18.11.2019 03:06:12.636,Gas,589.759,588.859,0.0005,0.0005
18.11.2019 03:06:15.589,Gas,589.76,588.86,0.0001,0.0005
18.11.2019 03:06:16.661,Gas,589.759,588.859,0.0002,0.0005
18.11.2019 03:06:19.228,Gas,589.76,588.86,0.0001,0.0005
18.11.2019 03:06:20.659,Gas,589.88,588.98,0.0001,0.0005
18.11.2019 03:06:21.164,Gas,589.759,588.859,0.0005,0.0005
18.11.2019 03:06:21.719,Gas,589.76,588.86,0.0001,0.0005
18.11.2019 03:06:22.283,Gas,589.759,588.859,0.0003,0.0005
18.11.2019 03:06:23.074,Gas,589.76,588.86,0.0002,0.0005
18.11.2019 03:06:24.723,Gas,589.759,588.859,0.0004,0.0005
18.11.2019 03:06:27.059,Gas,589.879,588.979,0.0001,0.0005
18.11.2019 03:06:27.663,Gas,589.88,588.98,0.0005,0.0005
18.11.2019 03:06:28.730,Gas,590.01,589.11,0.0005,0.0005
18.11.2019 03:06:29.368,Gas,589.879,588.979,0.0005,0.0001
18.11.2019 03:06:29.946,Gas,589.88,588.98,0.0005,0.0005
18.11.2019 03:06:30.508,Gas,589.759,588.859,0.0005,0.0005
18.11.2019 03:06:32.687,Gas,589.76,588.86,0.0001,0.0005
18.11.2019 03:06:35.096,Gas,589.759,588.859,0.0002,0.0005
18.11.2019 03:06:42.165,Gas,589.76,588.86,0.0002,0.0005
18.11.2019 03:06:42.899,Gas,589.759,588.859,0.0001,0.0005
18.11.2019 03:06:50.169,Gas,589.76,588.86,0.0003,0.0005
18.11.2019 03:06:50.722,Gas,589.759,588.859,0.0004,0.0005
18.11.2019 03:06:56.059,Gas,589.76,588.86,0.0003,0.0005
18.11.2019 03:06:57.562,Gas,589.759,588.859,0.0005,0.0005
18.11.2019 03:07:07.165,Gas,589.76,588.86,0.0001,0.0005
18.11.2019 03:07:17.731,Gas,589.759,588.859,0.0005,0.0005
18.11.2019 03:07:40.761,Gas,589.629,588.729,0.0005,0.0005
18.11.2019 03:07:48.742,Gas,589.759,588.859,0.0005,0.0005
18.11.2019 03:07:50.213,Gas,589.509,588.609,0.0005,0.0001
18.11.2019 03:07:50.773,Gas,589.51,588.61,0.0001,0.0005
18.11.2019 03:07:52.269,Gas,589.629,588.729,0.0001,0.0005
18.11.2019 03:07:54.472,Gas,589.51,588.61,0.0005,0.0005
18.11.2019 03:07:56.268,Gas,589.509,588.609,0.0001,0.0005
18.11.2019 03:07:57.465,Gas,589.759,588.859,0.0001,0.0005
18.11.2019 03:07:58.071,Gas,589.629,588.729,0.0005,0.0003
18.11.2019 03:07:58.971,Gas,589.63,588.73,0.0005,0.0005
18.11.2019 03:08:00.927,Gas,589.759,588.859,0.0005,0.0005
18.11.2019 03:08:01.682,Gas,589.63,588.73,0.0005,0.0001
18.11.2019 03:08:02.406,Gas,589.629,588.729,0.0005,0.0005
18.11.2019 03:08:03.772,Gas,589.759,588.859,0.0005,0.0005
18.11.2019 03:08:04.275,Gas,589.76,588.86,0.0005,0.0001
18.11.2019 03:08:05.129,Gas,589.63,588.73,0.0005,0.0001
18.11.2019 03:08:06.038,Gas,589.629,588.729,0.0005,0.0005
18.11.2019 03:08:15.576,Gas,589.759,588.859,0.0005,0.0005
18.11.2019 03:08:17.053,Gas,589.76,588.86,0.0005,0.0001
18.11.2019 03:08:18.062,Gas,589.759,588.859,0.0005,0.0002
18.11.2019 03:08:21.593,Gas,589.76,588.86,0.0005,0.0004
18.11.2019 03:08:22.365,Gas,589.759,588.859,0.0005,0.0004
18.11.2019 03:08:30.800,Gas,589.76,588.86,0.0005,0.0005
18.11.2019 03:08:33.138,Gas,589.759,588.859,0.0005,0.0004
18.11.2019 03:08:42.779,Gas,589.629,588.729,0.0005,0.0001
18.11.2019 03:08:43.360,Gas,589.63,588.73,0.0005,0.0005
18.11.2019 03:08:47.123,Gas,589.759,588.859,0.0005,0.0005
18.11.2019 03:08:47.713,Gas,589.76,588.86,0.0005,0.0001
18.11.2019 03:08:49.435,Gas,589.759,588.859,0.0005,0.0005
18.11.2019 03:08:59.373,Gas,589.76,588.86,0.0005,0.0002
18.11.2019 03:09:00.309,Gas,589.759,588.859,0.0005,0.0002
18.11.2019 03:09:00.917,Gas,589.76,588.86,0.0005,0.0001
18.11.2019 03:09:01.721,Gas,589.759,588.859,0.0005,0.0005
18.11.2019 03:09:21.230,Gas,589.76,588.86,0.0005,0.0003
18.11.2019 03:09:22.272,Gas,589.759,588.859,0.0005,0.0001
18.11.2019 03:09:22.963,Gas,589.76,588.86,0.0005,0.0002
18.11.2019 03:09:24.762,Gas,589.63,588.73,0.0005,0.0002
18.11.2019 03:09:26.073,Gas,589.629,588.729,0.0005,0.0005
18.11.2019 03:09:34.663,Gas,589.509,588.609,0.0005,0.0005
18.11.2019 03:10:24.565,Gas,589.26,588.36,0.0005,0.0005
18.11.2019 03:11:26.166,Gas,589.259,588.359,0.0005,0.0004
18.11.2019 03:11:32.722,Gas,589.26,588.36,0.0005,0.0004
18.11.2019 03:11:35.519,Gas,589.259,588.359,0.0005,0.0004
18.11.2019 03:11:36.066,Gas,589.26,588.36,0.0005,0.0005
18.11.2019 03:11:42.509,Gas,589.259,588.359,0.0005,0.0004
18.11.2019 03:12:07.800,Gas,589.51,588.61,0.0005,0.0005
18.11.2019 03:12:10.173,Gas,589.509,588.609,0.0005,0.0003
18.11.2019 03:12:10.772,Gas,589.51,588.61,0.0005,0.0004
18.11.2019 03:12:12.240,Gas,589.38,588.48,0.0005,0.0005
18.11.2019 03:12:12.897,Gas,589.509,588.609,0.0005,0.0005
18.11.2019 03:12:30.249,Gas,589.51,588.61,0.0005,0.0003
18.11.2019 03:12:31.263,Gas,589.509,588.609,0.0005,0.0005
18.11.2019 03:12:36.813,Gas,589.51,588.61,0.0005,0.0004
18.11.2019 03:12:40.896,Gas,589.509,588.609,0.0005,0.0004
18.11.2019 03:12:42.664,Gas,589.51,588.61,0.0005,0.0004
18.11.2019 03:12:44.045,Gas,589.509,588.609,0.0005,0.0005
18.11.2019 03:13:01.459,Gas,589.51,588.61,0.0005,0.0004
18.11.2019 03:13:01.985,Gas,589.509,588.609,0.0005,0.0005
18.11.2019 03:13:03.409,Gas,589.26,588.36,0.0005,0.0003
18.11.2019 03:13:04.343,Gas,589.259,588.359,0.0005,0.0005
18.11.2019 03:13:08.228,Gas,589.26,588.36,0.0005,0.0005
18.11.2019 03:13:47.033,Gas,589.509,588.609,0.0005,0.0005
18.11.2019 03:13:52.504,Gas,589.51,588.61,0.0005,0.0003
18.11.2019 03:13:53.673,Gas,589.38,588.48,0.0005,0.0001
18.11.2019 03:13:54.485,Gas,589.26,588.36,0.0005,0.0005
18.11.2019 03:13:55.184,Gas,589.259,588.359,0.0001,0.0005
18.11.2019 03:13:55.775,Gas,589.379,588.479,0.0001,0.0005
18.11.2019 03:13:56.457,Gas,589.38,588.48,0.0005,0.0005
18.11.2019 03:13:57.157,Gas,589.259,588.359,0.0005,0.0005
18.11.2019 03:15:12.536,Gas,589.009,588.109,0.0005,0.0005
18.11.2019 03:15:17.783,Gas,589.13,588.23,0.0005,0.0005
18.11.2019 03:15:18.589,Gas,589.259,588.359,0.0005,0.0005
18.11.2019 03:15:27.966,Gas,589.13,588.23,0.0005,0.0001
18.11.2019 03:15:28.529,Gas,589.129,588.229,0.0005,0.0005
18.11.2019 03:15:32.060,Gas,589.01,588.11,0.0005,0.0005
18.11.2019 03:15:34.973,Gas,589.009,588.109,0.0003,0.0005
18.11.2019 03:15:52.772,Gas,589.01,588.11,0.0004,0.0005
18.11.2019 03:16:14.179,Gas,589.009,588.109,0.0005,0.0004
18.11.2019 03:16:16.688,Gas,589.01,588.11,0.0005,0.0005
18.11.2019 03:16:25.073,Gas,589.009,588.109,0.0005,0.0003
18.11.2019 03:16:26.482,Gas,589.01,588.11,0.0005,0.0004
18.11.2019 03:16:31.668,Gas,588.879,587.979,0.0005,0.0001
18.11.2019 03:16:34.300,Gas,589.009,588.109,0.0005,0.0005
18.11.2019 03:16:35.049,Gas,589.01,588.11,0.0005,0.0003
18.11.2019 03:16:54.669,Gas,589.009,588.109,0.0005,0.0004
18.11.2019 03:17:00.066,Gas,589.01,588.11,0.0005,0.0004
18.11.2019 03:17:23.476,Gas,589.009,588.109,0.0005,0.0004
18.11.2019 03:18:00.369,Gas,589.01,588.11,0.0005,0.0002
18.11.2019 03:18:02.499,Gas,588.759,587.859,0.0005,0.0002
18.11.2019 03:18:08.022,Gas,588.76,587.86,0.0005,0.0005
18.11.2019 03:19:02.275,Gas,588.759,587.859,0.0005,0.0004
18.11.2019 03:19:04.694,Gas,588.76,587.86,0.0005,0.0005
18.11.2019 03:20:42.819,Gas,588.759,587.859,0.0005,0.0003
18.11.2019 03:20:45.694,Gas,588.76,587.86,0.0005,0.0005
18.11.2019 03:20:52.932,Gas,588.629,587.729,0.0005,0.0001
18.11.2019 03:20:53.720,Gas,588.63,587.73,0.0005,0.0005
18.11.2019 03:20:54.990,Gas,588.509,587.609,0.0005,0.0005
18.11.2019 03:21:05.434,Gas,588.759,587.859,0.0005,0.0005
18.11.2019 03:21:06.798,Gas,588.76,587.86,0.0005,0.0004
18.11.2019 03:21:08.892,Gas,588.759,587.859,0.0005,0.0001
18.11.2019 03:21:10.431,Gas,588.76,587.86,0.0005,0.0004
18.11.2019 03:21:17.414,Gas,588.759,587.859,0.0005,0.0003
18.11.2019 03:21:18.934,Gas,588.76,587.86,0.0005,0.0004
18.11.2019 03:21:20.447,Gas,588.759,587.859,0.0005,0.0005
18.11.2019 03:21:54.684,Gas,588.76,587.86,0.0005,0.0004
18.11.2019 03:22:24.918,Gas,588.51,587.61,0.0005,0.0005
18.11.2019 03:25:12.869,Gas,588.76,587.86,0.0005,0.0005
18.11.2019 03:25:15.690,Gas,588.759,587.859,0.0005,0.0003
18.11.2019 03:25:25.098,Gas,588.51,587.61,0.0005,0.0002
18.11.2019 03:25:25.634,Gas,588.629,587.729,0.0001,0.0005
18.11.2019 03:25:26.488,Gas,588.759,587.859,0.0005,0.0005
18.11.2019 03:25:30.370,Gas,588.629,587.729,0.0005,0.0005
18.11.2019 03:25:36.284,Gas,588.76,587.86,0.0005,0.0005
18.11.2019 03:25:36.783,Gas,588.63,587.73,0.0005,0.0005
18.11.2019 03:25:45.143,Gas,588.76,587.86,0.0005,0.0005
18.11.2019 03:25:46.653,Gas,588.759,587.859,0.0005,0.0002
18.11.2019 03:25:47.243,Gas,588.629,587.729,0.0005,0.0003
18.11.2019 03:25:55.123,Gas,588.509,587.609,0.0005,0.0005
18.11.2019 03:25:55.956,Gas,588.51,587.61,0.0001,0.0005
18.11.2019 03:25:57.210,Gas,588.509,587.609,0.0001,0.0005
18.11.2019 03:25:59.759,Gas,588.51,587.61,0.0001,0.0005
18.11.2019 03:26:00.831,Gas,588.509,587.609,0.0002,0.0005
18.11.2019 03:26:02.085,Gas,588.51,587.61,0.0001,0.0005
18.11.2019 03:26:02.739,Gas,588.759,587.859,0.0001,0.0005
18.11.2019 03:26:03.471,Gas,588.76,587.86,0.0005,0.0003
18.11.2019 03:26:13.292,Gas,588.759,587.859,0.0005,0.0005
18.11.2019 03:26:17.706,Gas,588.51,587.61,0.0005,0.0001
18.11.2019 03:26:18.565,Gas,588.509,587.609,0.0001,0.0005
18.11.2019 03:26:19.147,Gas,588.629,587.729,0.0001,0.0005
18.11.2019 03:26:32.440,Gas,588.76,587.86,0.0005,0.0005
18.11.2019 03:26:36.830,Gas,588.629,587.729,0.0005,0.0005
18.11.2019 03:26:41.906,Gas,588.51,587.61,0.0005,0.0005
18.11.2019 03:26:43.511,Gas,588.629,587.729,0.0001,0.0005
18.11.2019 03:26:44.017,Gas,588.759,587.859,0.0005,0.0005
18.11.2019 03:26:44.564,Gas,588.76,587.86,0.0005,0.0002
18.11.2019 03:26:48.650,Gas,588.759,587.859,0.0005,0.0001
18.11.2019 03:26:51.998,Gas,588.76,587.86,0.0005,0.0001
18.11.2019 03:26:58.784,Gas,588.509,587.609,0.0005,0.0001
18.11.2019 03:27:20.694,Gas,588.759,587.859,0.0005,0.0005
18.11.2019 03:27:31.946,Gas,588.509,587.609,0.0005,0.0001
18.11.2019 03:27:56.586,Gas,588.51,587.61,0.0005,0.0004
18.11.2019 03:28:11.655,Gas,588.509,587.609,0.0005,0.0004
18.11.2019 03:28:13.748,Gas,588.51,587.61,0.0005,0.0004
18.11.2019 03:28:15.358,Gas,588.509,587.609,0.0005,0.0004
18.11.2019 03:28:16.182,Gas,588.51,587.61,0.0005,0.0002
18.11.2019 03:28:29.598,Gas,588.509,587.609,0.0005,0.0002
18.11.2019 03:28:58.573,Gas,588.51,587.61,0.0005,0.0003
18.11.2019 03:29:46.872,Gas,588.26,587.36,0.0005,0.0005
18.11.2019 03:29:47.433,Gas,588.259,587.359,0.0003,0.0005
18.11.2019 03:29:48.494,Gas,588.26,587.36,0.0005,0.0005
18.11.2019 03:29:51.059,Gas,588.259,587.359,0.0005,0.0005
18.11.2019 03:29:52.203,Gas,588.38,587.48,0.0005,0.0005
18.11.2019 03:29:52.717,Gas,588.51,587.61,0.0005,0.0005
18.11.2019 03:29:58.973,Gas,588.509,587.609,0.0005,0.0003
18.11.2019 03:30:00.705,Gas,588.51,587.61,0.0005,0.0004
18.11.2019 03:30:06.147,Gas,588.759,587.859,0.0005,0.0005
18.11.2019 03:30:23.276,Gas,589.009,588.109,0.0005,0.0005
18.11.2019 03:31:07.775,Gas,589.13,588.23,0.0005,0.0005
18.11.2019 03:31:08.399,Gas,589.259,588.359,0.0005,0.0005
18.11.2019 03:31:09.647,Gas,589.01,588.11,0.0005,0.0005
18.11.2019 03:31:24.809,Gas,588.76,587.86,0.0005,0.0005
18.11.2019 03:31:35.968,Gas,588.51,587.61,0.0005,0.0005
18.11.2019 03:31:37.593,Gas,588.509,587.609,0.0005,0.0004
18.11.2019 03:32:31.672,Gas,588.51,587.61,0.0005,0.0005
18.11.2019 03:32:42.042,Gas,588.38,587.48,0.0005,0.0005
18.11.2019 03:32:44.602,Gas,588.259,587.359,0.0005,0.0005
18.11.2019 03:32:47.133,Gas,588.26,587.36,0.0003,0.0005
18.11.2019 03:32:47.624,Gas,588.259,587.359,0.0005,0.0005
18.11.2019 03:32:52.397,Gas,588.26,587.36,0.0003,0.0005
18.11.2019 03:32:53.069,Gas,588.259,587.359,0.0004,0.0005
18.11.2019 03:32:58.911,Gas,588.26,587.36,0.0003,0.0005
18.11.2019 03:33:00.378,Gas,588.259,587.359,0.0004,0.0005
18.11.2019 03:33:06.543,Gas,588.38,587.48,0.0003,0.0005
18.11.2019 03:33:07.084,Gas,588.509,587.609,0.0005,0.0005
18.11.2019 03:33:11.650,Gas,588.259,587.359,0.0005,0.0005
18.11.2019 03:33:14.580,Gas,588.26,587.36,0.0004,0.0005
18.11.2019 03:33:18.389,Gas,588.259,587.359,0.0005,0.0005
18.11.2019 03:33:31.581,Gas,588.26,587.36,0.0001,0.0005
18.11.2019 03:33:32.151,Gas,588.259,587.359,0.0005,0.0005
18.11.2019 03:33:46.435,Gas,588.009,587.109,0.0005,0.0005
18.11.2019 03:34:14.373,Gas,588.01,587.11,0.0005,0.0001
18.11.2019 03:34:15.822,Gas,588.009,587.109,0.0005,0.0002
18.11.2019 03:34:17.362,Gas,588.01,587.11,0.0005,0.0001
18.11.2019 03:34:18.057,Gas,587.76,586.86,0.0005,0.0001
18.11.2019 03:34:18.575,Gas,587.759,586.859,0.0001,0.0005
18.11.2019 03:34:19.215,Gas,587.76,586.86,0.0005,0.0005
18.11.2019 03:34:23.145,Gas,587.759,586.859,0.0005,0.0005
18.11.2019 03:34:23.948,Gas,587.76,586.86,0.0002,0.0005
18.11.2019 03:34:24.586,Gas,588.01,587.11,0.0002,0.0005
18.11.2019 03:34:25.655,Gas,587.88,586.98,0.0005,0.0001
18.11.2019 03:34:26.474,Gas,587.759,586.859,0.0005,0.0005
18.11.2019 03:34:27.039,Gas,587.76,586.86,0.0001,0.0005
18.11.2019 03:34:28.267,Gas,587.759,586.859,0.0003,0.0005
18.11.2019 03:34:28.776,Gas,587.76,586.86,0.0005,0.0005
18.11.2019 03:34:31.333,Gas,587.759,586.859,0.0004,0.0005
18.11.2019 03:34:32.576,Gas,587.76,586.86,0.0005,0.0005
18.11.2019 03:34:33.432,Gas,587.759,586.859,0.0001,0.0005
18.11.2019 03:34:35.047,Gas,587.76,586.86,0.0002,0.0005
18.11.2019 03:34:36.467,Gas,587.759,586.859,0.0005,0.0005
18.11.2019 03:34:37.336,Gas,587.76,586.86,0.0002,0.0005
18.11.2019 03:34:37.975,Gas,587.759,586.859,0.0002,0.0005
18.11.2019 03:34:51.982,Gas,588.009,587.109,0.0005,0.0005
18.11.2019 03:35:24.705,Gas,587.759,586.859,0.0005,0.0005
18.11.2019 03:35:28.527,Gas,587.76,586.86,0.0005,0.0003
18.11.2019 03:35:29.176,Gas,587.759,586.859,0.0005,0.0004
18.11.2019 03:35:46.082,Gas,587.509,586.609,0.0005,0.0001
18.11.2019 03:35:47.570,Gas,587.76,586.86,0.0002,0.0005
18.11.2019 03:35:48.119,Gas,587.759,586.859,0.0005,0.0001
18.11.2019 03:35:48.724,Gas,587.76,586.86,0.0005,0.0001
18.11.2019 03:35:50.980,Gas,587.629,586.729,0.0005,0.0002
18.11.2019 03:35:55.198,Gas,587.759,586.859,0.0005,0.0005
18.11.2019 03:35:57.083,Gas,587.63,586.73,0.0005,0.0001
18.11.2019 03:36:00.772,Gas,587.879,586.979,0.0005,0.0002
18.11.2019 03:36:01.382,Gas,587.76,586.86,0.0005,0.0005
18.11.2019 03:36:02.408,Gas,588.01,587.11,0.0001,0.0005
18.11.2019 03:36:02.940,Gas,588.009,587.109,0.0005,0.0002
18.11.2019 03:36:04.345,Gas,588.01,587.11,0.0005,0.0004
18.11.2019 03:36:09.909,Gas,588.009,587.109,0.0005,0.0003
18.11.2019 03:36:29.304,Gas,588.01,587.11,0.0005,0.0001
18.11.2019 03:36:35.780,Gas,588.009,587.109,0.0005,0.0003
18.11.2019 03:36:36.369,Gas,588.01,587.11,0.0005,0.0004
18.11.2019 03:36:40.766,Gas,588.009,587.109,0.0005,0.0003
18.11.2019 03:36:42.284,Gas,587.879,586.979,0.0005,0.0001
18.11.2019 03:36:42.970,Gas,587.88,586.98,0.0005,0.0005
18.11.2019 03:36:43.879,Gas,587.759,586.859,0.0005,0.0005
18.11.2019 03:36:45.634,Gas,587.51,586.61,0.0005,0.0005
18.11.2019 03:36:46.164,Gas,587.509,586.609,0.0005,0.0001
18.11.2019 03:36:48.265,Gas,587.38,586.48,0.0005,0.0001
18.11.2019 03:36:48.922,Gas,587.379,586.479,0.0005,0.0005
18.11.2019 03:36:49.965,Gas,587.509,586.609,0.0005,0.0005
18.11.2019 03:36:50.519,Gas,587.26,586.36,0.0005,0.0001
18.11.2019 03:36:51.026,Gas,587.38,586.48,0.0001,0.0005
18.11.2019 03:36:51.574,Gas,587.379,586.479,0.0005,0.0005
18.11.2019 03:36:57.788,Gas,587.26,586.36,0.0005,0.0005
18.11.2019 03:36:59.098,Gas,587.259,586.359,0.0003,0.0005
18.11.2019 03:36:59.614,Gas,587.26,586.36,0.0005,0.0005
18.11.2019 03:37:06.553,Gas,587.259,586.359,0.0005,0.0002
18.11.2019 03:37:07.059,Gas,587.129,586.229,0.0005,0.0002
18.11.2019 03:37:07.581,Gas,587.009,586.109,0.0005,0.0005
18.11.2019 03:37:08.156,Gas,587.129,586.229,0.0005,0.0005
18.11.2019 03:37:09.213,Gas,587.26,586.36,0.0005,0.0005
18.11.2019 03:37:09.756,Gas,587.129,586.229,0.0005,0.0001
18.11.2019 03:37:10.265,Gas,587.13,586.23,0.0005,0.0005
18.11.2019 03:37:10.777,Gas,587.26,586.36,0.0005,0.0005
18.11.2019 03:37:11.412,Gas,587.129,586.229,0.0005,0.0001
18.11.2019 03:37:12.682,Gas,587.26,586.36,0.0005,0.0005
18.11.2019 03:37:20.370,Gas,587.13,586.23,0.0005,0.0001
18.11.2019 03:37:20.902,Gas,587.009,586.109,0.0005,0.0005
18.11.2019 03:37:21.989,Gas,587.01,586.11,0.0003,0.0005
18.11.2019 03:37:23.281,Gas,587.009,586.109,0.0002,0.0005
18.11.2019 03:37:23.851,Gas,587.26,586.36,0.0002,0.0005
18.11.2019 03:37:24.384,Gas,587.259,586.359,0.0005,0.0002
18.11.2019 03:37:25.551,Gas,587.26,586.36,0.0005,0.0002
18.11.2019 03:37:28.598,Gas,587.009,586.109,0.0005,0.0002
18.11.2019 03:37:29.123,Gas,587.01,586.11,0.0003,0.0005
18.11.2019 03:37:35.607,Gas,587.259,586.359,0.0003,0.0005
18.11.2019 03:37:36.162,Gas,587.26,586.36,0.0005,0.0004
18.11.2019 03:37:44.088,Gas,587.38,586.48,0.0005,0.0005
18.11.2019 03:37:53.835,Gas,587.509,586.609,0.0005,0.0005
18.11.2019 03:37:56.473,Gas,587.38,586.48,0.0005,0.0003
18.11.2019 03:38:00.875,Gas,587.26,586.36,0.0005,0.0005
18.11.2019 03:38:01.920,Gas,587.379,586.479,0.0001,0.0005
18.11.2019 03:38:02.976,Gas,587.51,586.61,0.0005,0.0005
18.11.2019 03:38:04.480,Gas,587.509,586.609,0.0005,0.0003
18.11.2019 03:38:05.069,Gas,587.38,586.48,0.0005,0.0001
18.11.2019 03:38:05.655,Gas,587.379,586.479,0.0005,0.0005
18.11.2019 03:38:10.180,Gas,587.26,586.36,0.0005,0.0005
18.11.2019 03:38:10.749,Gas,587.38,586.48,0.0001,0.0005
18.11.2019 03:38:20.815,Gas,587.51,586.61,0.0005,0.0005
18.11.2019 03:38:21.350,Gas,587.509,586.609,0.0005,0.0001
18.11.2019 03:38:25.319,Gas,587.379,586.479,0.0005,0.0001
18.11.2019 03:38:25.871,Gas,587.38,586.48,0.0005,0.0005
18.11.2019 03:38:30.975,Gas,587.26,586.36,0.0005,0.0005
18.11.2019 03:38:41.424,Gas,587.379,586.479,0.0001,0.0005
18.11.2019 03:38:42.062,Gas,587.509,586.609,0.0005,0.0005
18.11.2019 03:38:46.081,Gas,587.38,586.48,0.0005,0.0001
18.11.2019 03:38:46.822,Gas,587.379,586.479,0.0005,0.0005
18.11.2019 03:38:54.613,Gas,587.26,586.36,0.0005,0.0005
18.11.2019 03:38:56.181,Gas,587.259,586.359,0.0003,0.0005
18.11.2019 03:38:58.081,Gas,587.379,586.479,0.0001,0.0005
18.11.2019 03:38:58.879,Gas,587.38,586.48,0.0005,0.0005
18.11.2019 03:39:00.298,Gas,587.509,586.609,0.0005,0.0005
18.11.2019 03:39:08.082,Gas,587.259,586.359,0.0005,0.0001
18.11.2019 03:39:09.162,Gas,587.26,586.36,0.0002,0.0005
18.11.2019 03:39:11.149,Gas,587.509,586.609,0.0002,0.0005
18.11.2019 03:39:11.975,Gas,587.51,586.61,0.0005,0.0001
18.11.2019 03:39:18.585,Gas,587.509,586.609,0.0005,0.0002
18.11.2019 03:39:20.527,Gas,587.51,586.61,0.0005,0.0003
18.11.2019 03:39:21.051,Gas,587.509,586.609,0.0005,0.0001
18.11.2019 03:39:22.772,Gas,587.51,586.61,0.0005,0.0001
18.11.2019 03:39:26.884,Gas,587.509,586.609,0.0005,0.0004
18.11.2019 03:39:32.312,Gas,587.51,586.61,0.0005,0.0003
18.11.2019 03:39:43.783,Gas,587.379,586.479,0.0005,0.0001
18.11.2019 03:39:44.469,Gas,587.38,586.48,0.0005,0.0005
18.11.2019 03:39:47.861,Gas,587.509,586.609,0.0005,0.0005
18.11.2019 03:39:49.592,Gas,587.51,586.61,0.0005,0.0002
18.11.2019 03:39:50.790,Gas,587.379,586.479,0.0005,0.0004
18.11.2019 03:39:52.478,Gas,587.38,586.48,0.0005,0.0005
18.11.2019 03:39:53.307,Gas,587.51,586.61,0.0005,0.0005
18.11.2019 03:39:53.924,Gas,587.38,586.48,0.0005,0.0002
18.11.2019 03:39:57.465,Gas,587.509,586.609,0.0005,0.0005
18.11.2019 03:40:00.302,Gas,587.379,586.479,0.0005,0.0002
18.11.2019 03:40:03.523,Gas,587.51,586.61,0.0005,0.0005
18.11.2019 03:40:10.940,Gas,587.509,586.609,0.0005,0.0001
18.11.2019 03:40:11.487,Gas,587.26,586.36,0.0005,0.0001
18.11.2019 03:40:12.776,Gas,587.379,586.479,0.0001,0.0005
18.11.2019 03:40:17.782,Gas,587.26,586.36,0.0005,0.0005
18.11.2019 03:40:18.372,Gas,587.259,586.359,0.0001,0.0005
18.11.2019 03:40:23.424,Gas,587.379,586.479,0.0001,0.0005
18.11.2019 03:40:26.464,Gas,587.509,586.609,0.0005,0.0005
18.11.2019 03:40:30.197,Gas,587.38,586.48,0.0005,0.0001
18.11.2019 03:40:30.712,Gas,587.259,586.359,0.0005,0.0005
18.11.2019 03:40:32.241,Gas,587.51,586.61,0.0001,0.0005
18.11.2019 03:40:33.081,Gas,587.509,586.609,0.0005,0.0001
18.11.2019 03:40:35.373,Gas,587.379,586.479,0.0005,0.0001
18.11.2019 03:40:36.982,Gas,587.509,586.609,0.0005,0.0005
18.11.2019 03:40:38.409,Gas,587.379,586.479,0.0005,0.0005
18.11.2019 03:40:39.578,Gas,587.509,586.609,0.0005,0.0005
18.11.2019 03:40:40.084,Gas,587.379,586.479,0.0005,0.0001
18.11.2019 03:40:40.660,Gas,587.51,586.61,0.0005,0.0005
18.11.2019 03:40:41.577,Gas,587.509,586.609,0.0005,0.0001
18.11.2019 03:40:43.184,Gas,587.379,586.479,0.0005,0.0001
18.11.2019 03:40:44.177,Gas,587.38,586.48,0.0005,0.0005
18.11.2019 03:40:48.371,Gas,587.51,586.61,0.0005,0.0005
18.11.2019 03:40:49.776,Gas,587.38,586.48,0.0005,0.0002
18.11.2019 03:40:50.707,Gas,587.379,586.479,0.0005,0.0005
18.11.2019 03:40:57.175,Gas,587.509,586.609,0.0005,0.0005
18.11.2019 03:40:58.277,Gas,587.38,586.48,0.0005,0.0001
18.11.2019 03:41:06.578,Gas,587.509,586.609,0.0005,0.0005
18.11.2019 03:41:07.166,Gas,587.51,586.61,0.0005,0.0001
18.11.2019 03:41:12.344,Gas,587.509,586.609,0.0005,0.0005
18.11.2019 03:41:19.381,Gas,587.51,586.61,0.0003,0.0005
18.11.2019 03:41:20.135,Gas,587.63,586.73,0.0003,0.0005
18.11.2019 03:41:20.695,Gas,587.629,586.729,0.0005,0.0005
18.11.2019 03:41:24.566,Gas,587.76,586.86,0.0005,0.0005
18.11.2019 03:41:25.074,Gas,587.63,586.73,0.0005,0.0001
18.11.2019 03:41:47.780,Gas,587.76,586.86,0.0005,0.0005
18.11.2019 03:41:48.780,Gas,587.759,586.859,0.0005,0.0003
18.11.2019 03:41:51.694,Gas,587.509,586.609,0.0005,0.0001
18.11.2019 03:41:52.276,Gas,587.51,586.61,0.0001,0.0005
18.11.2019 03:42:04.368,Gas,587.509,586.609,0.0001,0.0005
18.11.2019 03:42:04.924,Gas,587.51,586.61,0.0002,0.0005
18.11.2019 03:42:11.770,Gas,587.509,586.609,0.0004,0.0005
18.11.2019 03:42:12.312,Gas,587.51,586.61,0.0005,0.0005
18.11.2019 03:42:31.231,Gas,587.509,586.609,0.0001,0.0005
18.11.2019 03:42:32.467,Gas,587.63,586.73,0.0001,0.0005
18.11.2019 03:42:33.074,Gas,587.629,586.729,0.0005,0.0005
18.11.2019 03:42:34.898,Gas,587.509,586.609,0.0005,0.0005
18.11.2019 03:43:22.277,Gas,587.51,586.61,0.0005,0.0005
18.11.2019 03:43:34.543,Gas,587.509,586.609,0.0005,0.0003
18.11.2019 03:43:35.572,Gas,587.51,586.61,0.0005,0.0001
18.11.2019 03:43:37.967,Gas,587.509,586.609,0.0005,0.0004
18.11.2019 03:44:06.246,Gas,587.51,586.61,0.0005,0.0005
18.11.2019 03:44:08.475,Gas,587.509,586.609,0.0005,0.0004
18.11.2019 03:44:15.184,Gas,587.51,586.61,0.0005,0.0005
18.11.2019 03:44:44.749,Gas,587.509,586.609,0.0005,0.0003
18.11.2019 03:45:29.652,Gas,587.629,586.729,0.0005,0.0005
18.11.2019 03:45:30.271,Gas,587.76,586.86,0.0005,0.0005
18.11.2019 03:45:31.454,Gas,587.629,586.729,0.0005,0.0002
18.11.2019 03:45:32.005,Gas,587.759,586.859,0.0005,0.0005
18.11.2019 03:45:32.511,Gas,587.76,586.86,0.0005,0.0002
18.11.2019 03:45:33.078,Gas,587.759,586.859,0.0005,0.0002
18.11.2019 03:45:34.145,Gas,587.76,586.86,0.0005,0.0003
18.11.2019 03:45:34.906,Gas,587.509,586.609,0.0005,0.0002
18.11.2019 03:45:48.469,Gas,587.51,586.61,0.0005,0.0004
18.11.2019 03:45:49.619,Gas,587.509,586.609,0.0005,0.0005
18.11.2019 03:45:50.987,Gas,587.51,586.61,0.0005,0.0004
18.11.2019 03:45:52.266,Gas,587.509,586.609,0.0005,0.0001
18.11.2019 03:45:56.859,Gas,587.51,586.61,0.0005,0.0005
18.11.2019 03:46:21.840,Gas,587.509,586.609,0.0005,0.0004
18.11.2019 03:46:54.967,Gas,587.51,586.61,0.0005,0.0001
18.11.2019 03:46:56.136,Gas,587.26,586.36,0.0001,0.0005
18.11.2019 03:47:01.921,Gas,587.259,586.359,0.0002,0.0005
18.11.2019 03:47:58.307,Gas,587.01,586.11,0.0005,0.0005
18.11.2019 03:47:58.814,Gas,587.009,586.109,0.0001,0.0005
18.11.2019 03:48:47.010,Gas,587.01,586.11,0.0005,0.0003
18.11.2019 03:48:52.079,Gas,586.88,585.98,0.0005,0.0001
18.11.2019 03:48:52.664,Gas,587.01,586.11,0.0005,0.0005
18.11.2019 03:48:55.651,Gas,586.88,585.98,0.0005,0.0005
18.11.2019 03:48:56.981,Gas,586.76,585.86,0.0005,0.0005
18.11.2019 03:48:59.442,Gas,586.879,585.979,0.0001,0.0005
18.11.2019 03:49:00.468,Gas,586.88,585.98,0.0005,0.0005
18.11.2019 03:49:07.026,Gas,587.009,586.109,0.0005,0.0005
18.11.2019 03:49:08.342,Gas,587.01,586.11,0.0005,0.0003
18.11.2019 03:49:09.160,Gas,587.009,586.109,0.0005,0.0003
18.11.2019 03:49:10.934,Gas,587.01,586.11,0.0005,0.0003
18.11.2019 03:49:12.352,Gas,587.009,586.109,0.0005,0.0004
18.11.2019 03:49:18.721,Gas,587.01,586.11,0.0005,0.0004
18.11.2019 03:49:27.120,Gas,587.009,586.109,0.0005,0.0004
18.11.2019 03:49:27.671,Gas,586.879,585.979,0.0005,0.0001
18.11.2019 03:49:30.573,Gas,587.009,586.109,0.0005,0.0005
18.11.2019 03:49:31.620,Gas,586.879,585.979,0.0005,0.0002
18.11.2019 03:49:32.135,Gas,586.759,585.859,0.0005,0.0005
18.11.2019 03:49:37.289,Gas,586.76,585.86,0.0005,0.0004
18.11.2019 03:49:37.827,Gas,586.51,585.61,0.0005,0.0004
18.11.2019 03:49:38.403,Gas,586.509,585.609,0.0001,0.0005
18.11.2019 03:49:38.972,Gas,586.51,585.61,0.0003,0.0005
18.11.2019 03:49:40.654,Gas,586.759,585.859,0.0003,0.0005
18.11.2019 03:49:41.861,Gas,586.63,585.73,0.0005,0.0001
18.11.2019 03:49:42.382,Gas,586.629,585.729,0.0005,0.0005
18.11.2019 03:49:44.142,Gas,586.509,585.609,0.0005,0.0005
18.11.2019 03:49:44.654,Gas,586.629,585.729,0.0004,0.0005
18.11.2019 03:49:46.782,Gas,586.759,585.859,0.0005,0.0005
18.11.2019 03:49:48.559,Gas,586.76,585.86,0.0005,0.0002
18.11.2019 03:49:49.092,Gas,586.629,585.729,0.0005,0.0004
18.11.2019 03:49:51.660,Gas,586.759,585.859,0.0005,0.0005
18.11.2019 03:49:52.241,Gas,586.63,585.73,0.0005,0.0003
18.11.2019 03:49:52.862,Gas,586.629,585.729,0.0005,0.0005
18.11.2019 03:49:53.637,Gas,586.759,585.859,0.0005,0.0005
18.11.2019 03:49:54.273,Gas,586.629,585.729,0.0005,0.0002
18.11.2019 03:50:02.661,Gas,586.509,585.609,0.0005,0.0005
18.11.2019 03:50:03.895,Gas,586.51,585.61,0.0003,0.0005
18.11.2019 03:50:20.032,Gas,587.01,586.11,0.0002,0.0005
18.11.2019 03:50:22.266,Gas,587.009,586.109,0.0002,0.0005
18.11.2019 03:50:24.659,Gas,587.129,586.229,0.0005,0.0005
18.11.2019 03:50:25.132,Gas,587.009,586.109,0.0005,0.0005
18.11.2019 03:50:25.757,Gas,587.259,586.359,0.0001,0.0005
18.11.2019 03:50:26.309,Gas,587.26,586.36,0.0005,0.0001
18.11.2019 03:50:26.820,Gas,587.259,586.359,0.0005,0.0004
18.11.2019 03:50:27.749,Gas,587.26,586.36,0.0005,0.0002
18.11.2019 03:50:28.282,Gas,587.259,586.359,0.0005,0.0004
18.11.2019 03:50:31.659,Gas,587.26,586.36,0.0005,0.0004
18.11.2019 03:50:33.929,Gas,587.259,586.359,0.0005,0.0004
18.11.2019 03:50:34.676,Gas,587.26,586.36,0.0005,0.0005
18.11.2019 03:50:45.044,Gas,587.509,586.609,0.0004,0.0005
18.11.2019 03:50:45.598,Gas,587.259,586.359,0.0005,0.0001
18.11.2019 03:50:46.358,Gas,587.26,586.36,0.0001,0.0005
18.11.2019 03:50:46.962,Gas,587.259,586.359,0.0001,0.0005
18.11.2019 03:50:52.375,Gas,587.26,586.36,0.0005,0.0005
18.11.2019 03:50:55.398,Gas,587.259,586.359,0.0001,0.0005
18.11.2019 03:50:56.705,Gas,587.26,586.36,0.0002,0.0005
18.11.2019 03:50:59.676,Gas,587.259,586.359,0.0005,0.0005
18.11.2019 03:51:04.182,Gas,587.26,586.36,0.0005,0.0004
18.11.2019 03:51:27.459,Gas,587.379,586.479,0.0005,0.0005
18.11.2019 03:51:30.055,Gas,587.509,586.609,0.0005,0.0005
18.11.2019 03:51:32.328,Gas,587.51,586.61,0.0005,0.0003
18.11.2019 03:51:34.275,Gas,587.509,586.609,0.0005,0.0005
18.11.2019 03:51:35.829,Gas,587.51,586.61,0.0005,0.0004
18.11.2019 03:51:39.379,Gas,587.509,586.609,0.0005,0.0004
18.11.2019 03:51:40.165,Gas,587.51,586.61,0.0005,0.0005
18.11.2019 03:51:41.622,Gas,587.509,586.609,0.0005,0.0005
18.11.2019 03:51:42.788,Gas,587.51,586.61,0.0005,0.0005
18.11.2019 03:51:43.471,Gas,587.509,586.609,0.0005,0.0003
18.11.2019 03:51:44.573,Gas,587.51,586.61,0.0005,0.0004
18.11.2019 03:51:49.725,Gas,587.509,586.609,0.0005,0.0003
18.11.2019 03:52:18.077,Gas,587.51,586.61,0.0005,0.0003
18.11.2019 03:52:19.950,Gas,587.509,586.609,0.0005,0.0002
18.11.2019 03:52:20.598,Gas,587.51,586.61,0.0005,0.0002
18.11.2019 03:52:21.105,Gas,587.509,586.609,0.0005,0.0001
18.11.2019 03:52:22.134,Gas,587.51,586.61,0.0005,0.0001
18.11.2019 03:52:23.868,Gas,587.509,586.609,0.0005,0.0004
18.11.2019 03:52:24.834,Gas,587.51,586.61,0.0005,0.0004
18.11.2019 03:52:27.407,Gas,587.509,586.609,0.0005,0.0005
18.11.2019 03:53:52.485,Gas,587.63,586.73,0.0005,0.0005
18.11.2019 03:53:58.453,Gas,587.509,586.609,0.0005,0.0005
18.11.2019 03:53:58.992,Gas,587.759,586.859,0.0001,0.0005
18.11.2019 03:54:02.216,Gas,587.76,586.86,0.0005,0.0003
18.11.2019 03:54:03.380,Gas,587.759,586.859,0.0005,0.0005
18.11.2019 03:54:52.464,Gas,587.76,586.86,0.0001,0.0005
18.11.2019 03:54:53.278,Gas,587.759,586.859,0.0002,0.0005
18.11.2019 03:54:54.964,Gas,587.76,586.86,0.0001,0.0005
18.11.2019 03:54:56.531,Gas,587.759,586.859,0.0001,0.0005
18.11.2019 03:54:58.823,Gas,587.76,586.86,0.0001,0.0005
18.11.2019 03:55:02.237,Gas,587.759,586.859,0.0005,0.0005
18.11.2019 03:55:06.755,Gas,587.76,586.86,0.0001,0.0005
18.11.2019 03:55:07.264,Gas,587.759,586.859,0.0001,0.0005
18.11.2019 03:55:09.218,Gas,587.76,586.86,0.0003,0.0005
18.11.2019 03:55:11.709,Gas,587.759,586.859,0.0001,0.0005
18.11.2019 03:55:31.309,Gas,587.76,586.86,0.0004,0.0005
18.11.2019 03:55:32.325,Gas,587.759,586.859,0.0003,0.0005
18.11.2019 03:55:33.360,Gas,587.76,586.86,0.0003,0.0005
18.11.2019 03:55:34.770,Gas,587.759,586.859,0.0004,0.0005
18.11.2019 03:55:41.900,Gas,587.76,586.86,0.0003,0.0005
18.11.2019 03:55:44.166,Gas,587.759,586.859,0.0004,0.0005
18.11.2019 03:55:44.728,Gas,587.879,586.979,0.0003,0.0005
18.11.2019 03:55:45.277,Gas,587.88,586.98,0.0005,0.0005
18.11.2019 03:55:46.924,Gas,588.009,587.109,0.0005,0.0005
18.11.2019 03:55:57.720,Gas,588.01,587.11,0.0003,0.0005
18.11.2019 03:56:04.653,Gas,588.009,587.109,0.0002,0.0005
18.11.2019 03:56:05.764,Gas,588.01,587.11,0.0001,0.0005
18.11.2019 03:56:07.253,Gas,588.009,587.109,0.0001,0.0005
18.11.2019 03:56:22.531,Gas,588.01,587.11,0.0001,0.0005
18.11.2019 03:56:35.584,Gas,588.009,587.109,0.0001,0.0005
18.11.2019 03:56:37.090,Gas,588.01,587.11,0.0005,0.0005
18.11.2019 03:57:26.184,Gas,588.009,587.109,0.0004,0.0005
18.11.2019 03:58:08.003,Gas,587.76,586.86,0.0005,0.0005
18.11.2019 03:58:19.417,Gas,587.759,586.859,0.0004,0.0005
18.11.2019 03:58:20.286,Gas,587.76,586.86,0.0005,0.0005
18.11.2019 03:58:20.793,Gas,587.759,586.859,0.0004,0.0005
18.11.2019 03:58:22.556,Gas,587.76,586.86,0.0005,0.0005
18.11.2019 03:58:27.573,Gas,588.01,587.11,0.0005,0.0005
18.11.2019 03:58:30.840,Gas,588.009,587.109,0.0005,0.0004
18.11.2019 03:58:33.107,Gas,587.88,586.98,0.0005,0.0004
18.11.2019 03:58:34.106,Gas,587.879,586.979,0.0005,0.0005
18.11.2019 03:58:42.123,Gas,588.009,587.109,0.0005,0.0005
18.11.2019 03:58:42.689,Gas,588.01,587.11,0.0005,0.0002
18.11.2019 03:58:50.223,Gas,587.759,586.859,0.0005,0.0003
18.11.2019 03:59:03.799,Gas,587.76,586.86,0.0005,0.0005
18.11.2019 03:59:19.064,Gas,587.759,586.859,0.0005,0.0004
18.11.2019 03:59:23.170,Gas,587.76,586.86,0.0005,0.0004
18.11.2019 03:59:31.700,Gas,587.759,586.859,0.0005,0.0003
18.11.2019 03:59:32.676,Gas,587.509,586.609,0.0005,0.0001
18.11.2019 03:59:33.180,Gas,587.51,586.61,0.0001,0.0005
18.11.2019 03:59:41.376,Gas,587.509,586.609,0.0004,0.0005
18.11.2019 03:59:42.182,Gas,587.51,586.61,0.0004,0.0005
18.11.2019 03:59:46.117,Gas,587.509,586.609,0.0004,0.0005
18.11.2019 03:59:49.570,Gas,587.51,586.61,0.0005,0.0005
18.11.2019 04:00:01.654,Gas,587.509,586.609,0.0005,0.0003
18.11.2019 04:00:02.179,Gas,587.51,586.61,0.0005,0.0005
18.11.2019 04:00:03.782,Gas,587.38,586.48,0.0005,0.0001
18.11.2019 04:00:04.407,Gas,587.379,586.479,0.0005,0.0005
18.11.2019 04:00:10.956,Gas,587.51,586.61,0.0005,0.0005
18.11.2019 04:00:33.212,Gas,587.509,586.609,0.0005,0.0004
18.11.2019 04:00:35.257,Gas,587.51,586.61,0.0005,0.0002
18.11.2019 04:00:45.965,Gas,587.509,586.609,0.0005,0.0004
18.11.2019 04:00:46.928,Gas,587.51,586.61,0.0005,0.0003
18.11.2019 04:00:47.475,Gas,587.38,586.48,0.0005,0.0003
18.11.2019 04:00:48.376,Gas,587.259,586.359,0.0005,0.0005
18.11.2019 04:01:02.706,Gas,587.009,586.109,0.0005,0.0005
18.11.2019 04:01:03.754,Gas,587.01,586.11,0.0005,0.0005
18.11.2019 04:01:04.507,Gas,587.259,586.359,0.0005,0.0005
18.11.2019 04:01:05.074,Gas,587.01,586.11,0.0005,0.0001
18.11.2019 04:01:06.074,Gas,587.009,586.109,0.0004,0.0005
18.11.2019 04:01:06.582,Gas,587.13,586.23,0.0004,0.0005
18.11.2019 04:01:07.288,Gas,587.009,586.109,0.0005,0.0005
18.11.2019 04:01:09.674,Gas,587.13,586.23,0.0002,0.0005
18.11.2019 04:01:10.243,Gas,587.259,586.359,0.0005,0.0005
18.11.2019 04:01:11.280,Gas,587.26,586.36,0.0005,0.0001
18.11.2019 04:01:12.282,Gas,587.259,586.359,0.0005,0.0001
18.11.2019 04:01:14.123,Gas,587.129,586.229,0.0005,0.0001
18.11.2019 04:01:14.647,Gas,587.009,586.109,0.0005,0.0005
18.11.2019 04:01:15.160,Gas,587.01,586.11,0.0002,0.0005
18.11.2019 04:01:15.988,Gas,587.009,586.109,0.0003,0.0005
18.11.2019 04:01:25.470,Gas,587.01,586.11,0.0003,0.0005
18.11.2019 04:01:26.594,Gas,587.009,586.109,0.0003,0.0005
18.11.2019 04:01:29.397,Gas,587.01,586.11,0.0004,0.0005
18.11.2019 04:01:30.159,Gas,587.009,586.109,0.0003,0.0005
18.11.2019 04:01:34.805,Gas,587.13,586.23,0.0003,0.0005
18.11.2019 04:01:35.307,Gas,587.26,586.36,0.0005,0.0005
18.11.2019 04:01:42.944,Gas,587.01,586.11,0.0005,0.0005
18.11.2019 04:01:44.487,Gas,587.13,586.23,0.0001,0.0005
18.11.2019 04:01:44.993,Gas,587.01,586.11,0.0005,0.0005
18.11.2019 04:01:46.529,Gas,587.129,586.229,0.0002,0.0005
18.11.2019 04:01:47.563,Gas,587.26,586.36,0.0005,0.0005
18.11.2019 04:01:49.671,Gas,587.259,586.359,0.0005,0.0003
18.11.2019 04:01:51.486,Gas,587.26,586.36,0.0005,0.0002
18.11.2019 04:01:52.690,Gas,587.259,586.359,0.0005,0.0003
18.11.2019 04:02:11.188,Gas,587.38,586.48,0.0003,0.0005
18.11.2019 04:02:11.798,Gas,587.509,586.609,0.0005,0.0005
18.11.2019 04:02:13.377,Gas,587.51,586.61,0.0005,0.0001
18.11.2019 04:02:14.780,Gas,587.509,586.609,0.0005,0.0001
18.11.2019 04:02:16.415,Gas,587.51,586.61,0.0005,0.0005
18.11.2019 04:02:20.656,Gas,587.76,586.86,0.0003,0.0005
18.11.2019 04:02:21.174,Gas,587.63,586.73,0.0005,0.0003
18.11.2019 04:02:21.789,Gas,587.51,586.61,0.0005,0.0005
18.11.2019 04:02:25.187,Gas,587.509,586.609,0.0003,0.0005
18.11.2019 04:02:26.071,Gas,587.51,586.61,0.0002,0.0005
18.11.2019 04:02:28.766,Gas,587.509,586.609,0.0004,0.0005
18.11.2019 04:02:35.539,Gas,587.51,586.61,0.0003,0.0005
18.11.2019 04:02:51.874,Gas,587.509,586.609,0.0005,0.0005
18.11.2019 04:02:59.484,Gas,587.51,586.61,0.0003,0.0005
18.11.2019 04:03:01.273,Gas,587.509,586.609,0.0004,0.0005
18.11.2019 04:03:01.784,Gas,587.51,586.61,0.0004,0.0005
18.11.2019 04:03:02.706,Gas,587.509,586.609,0.0004,0.0005
18.11.2019 04:03:11.203,Gas,587.51,586.61,0.0004,0.0005
18.11.2019 04:03:12.378,Gas,587.509,586.609,0.0005,0.0005
18.11.2019 04:03:13.190,Gas,587.51,586.61,0.0004,0.0005
18.11.2019 04:03:16.495,Gas,587.509,586.609,0.0003,0.0005
18.11.2019 04:03:33.143,Gas,587.51,586.61,0.0005,0.0001
18.11.2019 04:03:53.969,Gas,587.38,586.48,0.0005,0.0001
18.11.2019 04:04:00.153,Gas,587.259,586.359,0.0005,0.0005
18.11.2019 04:04:00.661,Gas,587.38,586.48,0.0001,0.0005
18.11.2019 04:04:01.254,Gas,587.51,586.61,0.0005,0.0005
18.11.2019 04:04:01.821,Gas,587.38,586.48,0.0005,0.0001
18.11.2019 04:04:02.357,Gas,587.379,586.479,0.0005,0.0005
18.11.2019 04:04:07.648,Gas,587.26,586.36,0.0005,0.0005
18.11.2019 04:04:12.967,Gas,587.379,586.479,0.0001,0.0005
18.11.2019 04:04:14.586,Gas,587.38,586.48,0.0005,0.0005
18.11.2019 04:04:20.037,Gas,587.26,586.36,0.0005,0.0005
18.11.2019 04:04:20.763,Gas,587.379,586.479,0.0001,0.0005
18.11.2019 04:04:22.994,Gas,587.26,586.36,0.0005,0.0005
18.11.2019 04:04:24.416,Gas,587.259,586.359,0.0004,0.0005
18.11.2019 04:04:25.628,Gas,587.26,586.36,0.0005,0.0005
18.11.2019 04:04:30.645,Gas,587.01,586.11,0.0005,0.0005
18.11.2019 04:04:36.823,Gas,587.129,586.229,0.0005,0.0005
18.11.2019 04:04:37.335,Gas,587.259,586.359,0.0005,0.0005
18.11.2019 04:04:40.550,Gas,587.26,586.36,0.0005,0.0002
18.11.2019 04:05:01.048,Gas,587.51,586.61,0.0005,0.0005
18.11.2019 04:05:01.576,Gas,587.509,586.609,0.0005,0.0001
18.11.2019 04:05:02.083,Gas,587.51,586.61,0.0005,0.0002
18.11.2019 04:05:04.220,Gas,587.379,586.479,0.0005,0.0001
18.11.2019 04:05:04.773,Gas,587.38,586.48,0.0005,0.0005
18.11.2019 04:05:05.363,Gas,587.51,586.61,0.0005,0.0005
18.11.2019 04:05:05.967,Gas,587.379,586.479,0.0005,0.0003
18.11.2019 04:05:11.771,Gas,587.51,586.61,0.0005,0.0005
18.11.2019 04:05:12.488,Gas,587.509,586.609,0.0005,0.0001
18.11.2019 04:05:14.382,Gas,587.38,586.48,0.0005,0.0001
18.11.2019 04:05:15.203,Gas,587.509,586.609,0.0005,0.0005
18.11.2019 04:05:17.171,Gas,587.51,586.61,0.0005,0.0005
18.11.2019 04:05:19.021,Gas,587.379,586.479,0.0005,0.0004
18.11.2019 04:05:21.933,Gas,587.259,586.359,0.0005,0.0005
18.11.2019 04:05:22.580,Gas,587.26,586.36,0.0004,0.0005
18.11.2019 04:05:24.301,Gas,587.259,586.359,0.0003,0.0005
18.11.2019 04:05:25.303,Gas,587.26,586.36,0.0002,0.0005
18.11.2019 04:05:26.185,Gas,587.259,586.359,0.0001,0.0005
18.11.2019 04:05:27.486,Gas,587.379,586.479,0.0001,0.0005
18.11.2019 04:05:31.129,Gas,587.509,586.609,0.0005,0.0005
18.11.2019 04:05:36.663,Gas,587.51,586.61,0.0005,0.0005
18.11.2019 04:06:11.863,Gas,587.26,586.36,0.0005,0.0005
18.11.2019 04:06:22.018,Gas,587.259,586.359,0.0004,0.0005
18.11.2019 04:06:22.586,Gas,587.26,586.36,0.0003,0.0005
18.11.2019 04:06:23.372,Gas,587.38,586.48,0.0001,0.0005
18.11.2019 04:06:24.595,Gas,587.26,586.36,0.0005,0.0005
18.11.2019 04:06:26.089,Gas,587.259,586.359,0.0003,0.0005
18.11.2019 04:06:27.180,Gas,587.26,586.36,0.0001,0.0005
18.11.2019 04:06:28.563,Gas,587.509,586.609,0.0002,0.0005
18.11.2019 04:06:38.788,Gas,587.63,586.73,0.0005,0.0005
18.11.2019 04:06:43.486,Gas,587.759,586.859,0.0005,0.0005
18.11.2019 04:06:44.000,Gas,588.01,587.11,0.0005,0.0005
18.11.2019 04:06:49.148,Gas,588.009,587.109,0.0005,0.0003
18.11.2019 04:06:50.330,Gas,587.759,586.859,0.0005,0.0003
18.11.2019 04:06:50.827,Gas,587.76,586.86,0.0001,0.0005
18.11.2019 04:06:51.522,Gas,587.879,586.979,0.0003,0.0005
18.11.2019 04:06:52.154,Gas,587.88,586.98,0.0005,0.0005
18.11.2019 04:06:54.913,Gas,587.76,586.86,0.0005,0.0005
18.11.2019 04:06:55.456,Gas,587.759,586.859,0.0002,0.0005
18.11.2019 04:06:59.806,Gas,587.76,586.86,0.0005,0.0003
18.11.2019 04:07:00.400,Gas,587.63,586.73,0.0005,0.0003
18.11.2019 04:07:00.908,Gas,587.759,586.859,0.0005,0.0005
18.11.2019 04:07:01.781,Gas,587.63,586.73,0.0005,0.0001
18.11.2019 04:07:02.585,Gas,587.629,586.729,0.0005,0.0005
18.11.2019 04:07:08.239,Gas,587.51,586.61,0.0005,0.0005
18.11.2019 04:07:08.773,Gas,587.509,586.609,0.0001,0.0005
18.11.2019 04:07:14.573,Gas,587.51,586.61,0.0003,0.0005
18.11.2019 04:07:19.968,Gas,587.509,586.609,0.0003,0.0005
18.11.2019 04:07:26.564,Gas,587.51,586.61,0.0001,0.0005
18.11.2019 04:07:31.401,Gas,587.509,586.609,0.0003,0.0005
18.11.2019 04:07:35.812,Gas,587.51,586.61,0.0003,0.0005
18.11.2019 04:07:44.114,Gas,587.509,586.609,0.0003,0.0005
18.11.2019 04:07:45.020,Gas,587.629,586.729,0.0003,0.0005
18.11.2019 04:07:47.854,Gas,587.76,586.86,0.0005,0.0005
18.11.2019 04:07:50.684,Gas,587.759,586.859,0.0005,0.0001
18.11.2019 04:07:55.190,Gas,587.51,586.61,0.0005,0.0001
18.11.2019 04:07:55.862,Gas,587.509,586.609,0.0005,0.0005
18.11.2019 04:08:06.276,Gas,587.63,586.73,0.0001,0.0005
18.11.2019 04:08:06.782,Gas,587.629,586.729,0.0005,0.0005
18.11.2019 04:08:17.280,Gas,587.509,586.609,0.0005,0.0005
18.11.2019 04:08:29.377,Gas,587.76,586.86,0.0005,0.0005
18.11.2019 04:08:29.886,Gas,587.759,586.859,0.0005,0.0003
18.11.2019 04:08:53.044,Gas,587.509,586.609,0.0005,0.0005
18.11.2019 04:08:54.361,Gas,587.51,586.61,0.0005,0.0005
18.11.2019 04:09:00.162,Gas,587.509,586.609,0.0002,0.0005
18.11.2019 04:09:04.373,Gas,587.51,586.61,0.0004,0.0005
18.11.2019 04:09:07.259,Gas,587.76,586.86,0.0001,0.0005
18.11.2019 04:09:07.892,Gas,587.759,586.859,0.0005,0.0005
18.11.2019 04:09:12.623,Gas,587.76,586.86,0.0005,0.0005
